4574 5676
401 1329 619 1394 Immanuelus
643 1325 815 1392 Bokksrus
838 1327 870 1390 in
895 1326 1052 1418 editipnis,
1066 1325 1202 1392 Luciani
1221 1309 1574 1412 operumpraelationa
1598 1325 1666 1390 heco
1689 1326 1826 1410 scripsit:
1854 1331 2045 1411 „postquam

239 1438 380 1502 animum
403 1435 444 1500 ad
470 1435 630 1500 edendum
654 1435 773 1520 appuli,
805 1433 885 1498 nihil
908 1423 1197 1516 habui'antiquius
1226 1449 1324 1516 quam
1356 1439 1393 1495 ut
1422 1453 1493 1496 eam
1517 1432 1747 1515 investigarem
1771 1433 2047 1498 continuationem

242 1545 426 1627 seriemque
449 1541 643 1622 libellorum,
673 1561 737 1625 qua
766 1539 847 1604 alius
872 1560 913 1604 ex
936 1540 999 1604 alio
1023 1561 1127 1604 nexus
1152 1545 1185 1602 et
1211 1559 1323 1602 ornnes
1346 1539 1433 1602 inter
1456 1560 1492 1602 se
1516 1540 1584 1624 apti
1609 1545 1641 1602 et
1664 1538 1806 1624 colligati
1829 1539 2042 1608 riderentur.“

239 1651 290 1714 eb
313 1651 364 1714 his
387 1651 486 1716 initiis
509 1651 677 1736 profectus
694 1647 863 1712 Bekkerus
889 1646 1033 1711 ordinem
1058 1651 1182 1710 certum
1197 1645 1334 1710 Luciani
1347 1644 1530 1710 libellorum
1553 1647 1727 1710 restituere
1749 1645 1928 1710 conabatur
1950 1647 2048 1733 idque

236 1759 292 1834 ita,
317 1764 355 1822 ut
380 1777 490 1822 omnes
514 1755 651 1832 libellos,
684 1755 739 1839 qui
763 1775 829 1818 non
854 1753 937 1818 bene
961 1753 1036 1820 huic
1061 1753 1163 1818 ordini
1187 1754 1284 1818 inseri
1308 1759 1484 1838 potuerunt
1508 1759 1563 1818 aut
1591 1753 1645 1837 qui
1668 1753 1776 1817 nescio
1801 1753 1926 1840 quade
1950 1775 2046 1820 causa

237 1865 375 1930 Luciani
398 1864 526 1938 nomine
549 1861 673 1944 indigni
697 1860 899 1939 videbantur,
930 1861 1090 1944 genuinos
1123 1880 1196 1924 esse
1219 1866 1364 1942 negaret.
1410 1860 1521 1942 Atque
1552 1879 1591 1922 ao
1620 1858 1776 1924 adductus
1808 1867 1868 1938 est,
1900 1867 1937 1924 ut
1968 1859 2047 1926 duo·

237 1969 413 2054 detriginta
434 1969 562 2053 spurios
587 1989 659 2032 esse
682 1966 904 2032 contenderet.
953 1965 1130 2031 Contendit
1154 1965 1291 2048 quidem,
1323 1987 1387 2030 non
1418 1967 1585 2050 probavit5
1617 1987 1688 2030 nanr
1719 1987 1759 2032 ne
1789 1987 1887 2032 unum
1919 1969 2046 2054 quidem

239 2082 464 2160 argumentum
489 2073 529 2138 ad
553 2075 737 2159 opinionem
762 2095 853 2139 suam
878 2072 1112 2138 defendendam
1136 2073 1259 2136 attulit.
1292 2071 1371 2146 Qua
1395 2072 1477 2134 ratio
1501 2092 1574 2136 eum
1597 2073 1683 2136 haud
1706 2075 1817 2159 paucis
1843 2075 1917 2138 viris
1942 2075 2046 2140 doctis

238 2202 303 2246 non
317 2179 518 2267 probaretur,
542 2179 687 2246 Isidorus
704 2180 949 2264 Guttentagius,
974 2175 1148 2264 discipulus
1176 2180 1199 2242 l.
1217 2178 1359 2244 Bekkeri
1382 2177 1557 2242 conabatur
1580 2180 1773 2244 sententiam
1791 2181 1935 2264 magistri
1955 2185 2047 2247 tueri.

238 2288 303 2362 Qui
326 2287 367 2352 ad
390 2287 526 2352 Lucieni
549 2287 715 2372 dialogum
738 2283 866 2369 Τόξαρις
882 2285 901 2372 ἢ
917 2288 1008 2373 φιλία,
1033 2307 1129 2372 quem
1154 2285 1300 2351 libellum
1323 2287 1407 2350 inter
1431 2293 1556 2351 ceteros
1581 2285 1750 2351 Bakkerus
1775 2287 1878 2351 tacito
1903 2289 2045 2373 spurium

237 2395 471 2476 declaraverat,
501 2395 640 2458 animum
664 2394 805 2458 attendit
829 2402 927 2478 atque
958 2395 1240 2472 commentatione,
1272 2413 1343 2476 quae
1372 2393 1574 2458 inscribitur:
1618 2391 1686 2472 ,Da
1716 2393 1846 2460 subdito
1881 2394 1936 2478 qui
1961 2396 2047 2460 inter

237 2501 419 2566 Lucianeos
443 2501 512 2584 legi
536 2501 622 2565 solet
646 2500 775 2583 dialogo
792 2499 972 2566 Toxaride“
1000 2499 1186 2564 Bekkerum
1210 2507 1296 2564 reete
1321 2499 1492 2579 iudicasse,
1516 2507 1553 2564 ut
1570 2499 1781 2580 demonstret,
1806 2500 1899 2566 valdo
1915 2521 2045 2585 operam

237 2607 302 2671 dat.
346 2605 415 2693 Ipsi
440 2606 569 2690 quidem
592 2605 759 2691 dialogum
783 2605 937 2670 Toxarim
962 2605 1129 2670 subditum
1159 2626 1232 2670 esse
1256 2627 1360 2691 usqua
1383 2627 1422 2670 eo
1446 2627 1636 2693 persuasum
1660 2615 1719 2686 est,
1747 2614 1783 2670 ut
1809 2606 1934 2672 dissert.
1971 2611 2047 2693 p.3

238 2715 320 2776 satis
343 2712 493 2776 audacter
516 2711 648 2776 scribat:
683 2718 800 2796 ,atque
823 2713 870 2776 ita
893 2713 955 2776 hoe
979 2731 1030 2774 mo
1055 2719 1282 2778 exsecuturum
1307 2734 1379 2778 esse
1402 2723 1492 2799 puto,
1517 2720 1553 2775 ut
1575 2733 1670 2776 namo
1695 2711 1778 2777 bene
1802 2733 1900 2778 sanus
1931 2714 2047 2778 dehinc

239 2819 384 2901 Luciani,
417 2821 577 2902 elegantis
603 2819 779 2904 scriptoris,
810 2821 940 2884 nomine
969 2818 1121 2883 Toxarim
1151 2819 1317 2902 dialogum
1347 2820 1479 2904 dignum
1510 2819 1705 2886 existimet-‘⁴
1756 2819 1851 2894 Quod
1882 2841 1946 2905 qno
1976 2823 2047 2886 iure

238 2925 333 3005 dieat,
356 2926 419 2990 iam
444 2945 633 3010 quaeramus.

398 3033 592 3116 Priusquam
617 3034 743 3118 singula
767 3055 950 3119 persequar,
974 3035 1006 3099 in
1031 3034 1215 3100 universum
1239 3033 1433 3098 monendum
1457 3039 1536 3119 puto
1561 3033 1727 3098 camelius
1743 3034 1829 3098 viros
1844 3033 1958 3098 doctos
1974 3040 2043 3100 turn

238 3140 488 3225 Guttentagium
504 3139 639 3204 Luciani
663 3141 818 3224 opuscula
842 3147 1023 3206 tractantes
1047 3143 1139 3206 nimis
1165 3140 1276 3204 multis
1294 3141 1326 3204 in
1349 3139 1445 3204 rebus
1471 3138 1654 3220 offendisse,
1681 3141 1773 3223 quasi
1791 3139 1953 3206 Lucienus
1977 3139 2047 3206 dili·

240 3248 446 3328 gentissimus
470 3245 567 3312 luerit
590 3249 729 3333 scriptor
753 3255 852 3331 atque
877 3247 997 3332 ubique
1021 3269 1213 3334 semperque
1237 3257 1329 3312 acute
1351 3249 1513 3329 anxieque
1528 3249 1712 3311 cautionem
1727 3255 1827 3330 atque
1843 3246 2046 3331 diligentiam

239 3354 432 3436 adhibuerit,
456 3377 497 3420 ns
522 3355 597 3438 quid
621 3355 787 3437 scriberet,
812 3356 898 3441 quod
923 3355 963 3420 ab
988 3377 1049 3420 usu
1073 3366 1105 3419 ct
1130 3355 1240 3420 ordine
1263 3355 1462 3420 abhorreret.
1497 3355 1666 3420 Neminem
1691 3376 1765 3419 raro
1790 3363 1871 3442 puto
1896 3357 2046 3440 assequi

237 3469 338 3546 neget
352 3461 532 3526 Lucianum
548 3463 649 3526 fuisso
667 3454 858 3549 scriptorem
873 3463 1167 3546 elegantissimum;
1192 3462 1250 3526 sed
1272 3483 1335 3526 non
1360 3464 1465 3527 rninus
1483 3465 1668 3546 quicunque
1681 3462 1808 3528 libellos
1825 3464 1894 3527 eius
1907 3463 2047 3549 perlegit

237 3589 310 3633 mea
334 3571 498 3634 sententia
522 3569 669 3634 concedit
691 3570 871 3657 permultos
896 3570 984 3633 locos
1007 3569 1152 3645 inveniri,
1176 3567 1294 3651 quibus
1319 3569 1455 3650 scriptor
1477 3589 1542 3632 non
1565 3567 1658 3632 nimis
1682 3569 1855 3654 diligenter
1875 3590 1911 3634 se
1932 3571 2046 3653 gessit.

237 3672 398 3760 Equidem
422 3677 667 3741 altothsteinio
692 3675 864 3741 dissentire
887 3676 999 3752 nolim,
1024 3674 1080 3758 qui
1104 3673 1181 3738 dicit
1205 3673 1345 3748 (Quaest.
1363 3673 1534 3738 Lucisneae
1558 3697 1587 3760 p.
1615 3677 1692 3754 100)
1716 3675 2046 3741 Lucienumminime

239 3782 307 3864 pari
336 3781 505 3868 diligentia
535 3790 676 3849 tractare
707 3783 837 3865 singula
864 3783 979 3860 solere,
1011 3803 1030 3844 a
1062 3781 1228 3864 cogitandi
1256 3789 1363 3845 autern
1397 3789 1430 3846 et
1459 3781 1583 3846 dicendi
1612 3784 1788 3847 seueritate
1816 3783 1872 3846 illa
1902 3803 1973 3868 qum
2003 3784 2046 3849 ab

240 3889 382 3972 antiquis
405 3890 614 3977 scriptoribus
644 3889 734 3975 posci
763 3889 867 3953 soleat
900 3909 994 3973 quarn
1023 3888 1162 3952 maxime
1193 3886 1317 3952 abesse.
1361 3887 1478 3973 Itaque
1508 3889 1534 3952 si
1566 3890 1637 3973 quis
1669 3888 1778 3969 libelli,
1807 3889 1862 3973 qui
1892 3888 1997 3954 adhuc
2026 3912 2045 3956 a

239 3994 385 4060 Lucieno
408 3997 517 4084 scripti
540 3995 747 4083 putabantur,
773 4001 882 4060 utrum
906 3995 1039 4077 genuini
1062 4013 1102 4058 an
1127 3995 1228 4079 spurii
1252 3996 1317 4060 sint
1341 3994 1524 4060 discernere
1539 3998 1619 4074 uult,
1643 3995 1883 4060 accuratissime
1899 3997 1931 4061 in
1947 4017 2046 4081 opera

237 4101 375 4166 Luciani
399 4122 435 4164 se
456 4103 596 4166 insinuet
621 4109 664 4182 et,
689 4109 724 4166 ut
747 4101 918 4166 Fritascbii
941 4099 1048 4165 verbis
1072 4107 1154 4174 utar,
1178 4101 1210 4164 in
1234 4102 1336 4184 ipsius
1361 4102 1526 4188 scriptoris
1549 4103 1724 4186 ingenium,
1756 4109 1910 4184 tanquam
1934 4103 1965 4166 in
1989 4104 2047 4167 ali·

239 4207 325 4294 quod
350 4207 522 4274 sacrarium
546 4209 675 4274 studeat
707 4216 878 4294 penetrare
906 4229 1041 4273 necesse
1064 4215 1125 4272 est.
1172 4207 1289 4271 Mirum
1318 4229 1396 4292 ergo
1427 4231 1491 4273 non
1518 4217 1568 4273 est
1593 4209 1678 4292 quod
1702 4207 1900 4272 Fritaschius
1925 4209 1944 4271 l.
1978 4206 2047 4288 „De

238 4315 328 4380 libris
361 4314 660 4401 pseudolucianeis“
694 4315 760 4390 (ed.
790 4315 869 4380 Luc.
898 4317 963 4378 vol.
990 4315 1039 4379 lll
1070 4336 1143 4400 pag.
1175 4313 1491 4394 LXlV-LXXXI)
1520 4336 1583 4380 non
1614 4337 1685 4378 raro
1717 4313 1902 4378 Bekkerum
1930 4314 2048 4378 aeriter

240 4421 363 4503 petivit.
409 4422 497 4485 Ante
532 4424 640 4486 omnia
666 4423 732 4486 haec
761 4422 856 4486 verba
891 4421 988 4506 digna
1023 4421 1182 4500 videntur,
1219 4442 1290 4503 quse
1324 4429 1530 4486 moneantur:
1569 4442 1694 4504 ,neque
1729 4424 1760 4486 in
1798 4429 1869 4484 tota
1904 4419 2048 4488 Belrkeri

243 4527 381 4594 editions
403 4531 471 4594 ulla
494 4533 678 4596 coniectura
701 4539 802 4611 extat,
832 4551 927 4613 quam
953 4551 993 4594 ex
1018 4550 1080 4594 usu
1112 4531 1206 4594 unius
1236 4529 1368 4614 petierit
1395 4527 1538 4592 Luciani.
1585 4527 1658 4600 Quo
1690 4527 1794 4610 magia
1823 4527 1898 4590 licet
1929 4528 2048 4594 mirari,

240 4635 326 4700 unda
348 4635 397 4700 hic
420 4637 549 4702 criticus
573 4635 632 4702 sibi
656 4637 742 4701 risus
766 4637 809 4700 sit
824 4638 1030 4722 exploratum
1045 4635 1176 4716 habere,
1201 4633 1276 4718 quid
1297 4633 1429 4718 dignum
1447 4633 1590 4698 Lucieno
1607 4642 1695 4698 esset
1715 4631 1832 4715 quidve
1847 4631 2043 4716 indignum.¹‘

238 4740 363 4806 Eadem
386 4743 426 4808 de
449 4763 548 4808 eausa
571 4763 612 4807 ex
635 4742 853 4827 Guttentagio
878 4743 976 4826 quaeri
1008 4749 1126 4827 potest,
1159 4741 1236 4824 quid
1268 4737 1425 4820 habuerit,
1456 4739 1542 4823 quod
1574 4737 1725 4805 Toxarim
1756 4739 1890 4802 Luciani
1918 4741 2047 4804 nomine

238 4849 404 4933 indignum
426 4855 529 4937 putet.
575 4849 659 4914 Nam
682 4851 714 4914 ni
747 4849 842 4914 fallor
871 4869 911 4912 ne
942 4869 1006 4912 uno
1039 4846 1169 4930 quidem
1199 4849 1286 4927 loco,
1313 4865 1377 4930 quo
1406 4846 1516 4928 aliqua
1542 4846 1574 4908 in
1602 4865 1637 4908 re
1668 4845 1812 4924 offendit,
1842 4843 1883 4908 acl
1914 4843 2049 4910 Luciani

237 4956 339 5042 ipsius
375 4977 556 5022 sermonem
593 4963 626 5022 et
661 4957 822 5022 rationem
857 4955 1014 5020 scribendi
1048 4956 1187 5041 respicit.
1233 4954 1360 5038 ltaque,
1395 4972 1591 5040 quamquam
1625 4971 1665 5016 ne
1695 4951 1736 5015 ad
1770 4950 1869 5014 talem
1904 4951 2052 5018 laborem

1839 5111 1851 5162 l
