4574 5676
2005 441 2044 506 15

241 643 303 702 est.
347 635 451 703 Immo
482 659 559 703 vero
589 639 653 703 iam
682 637 756 702 inde
791 635 931 723 perbene
963 637 1110 720 intellegi
1141 657 1239 718 possa
1268 633 1397 700 videtur
1427 635 1608 702 Lucienum
1637 636 1829 724 scriptorum
1859 639 1955 703 aetate
1984 658 2044 703 sna

239 744 425 809 florentium
448 753 631 810 commenta
655 752 688 809 et
713 745 871 809 rationem
896 742 1052 808 scribendi
1078 744 1237 807 imitatum
1261 762 1343 807 esse.

396 851 558 940 Mnesippi
581 852 679 918 verbe
710 853 752 928 (c.
783 855 842 933 23)
870 859 990 915 τοιαῦτα
1022 848 1038 915 ὁ
1068 849 1291 935 Μασσαλιώτης
1321 846 1403 930 ἔλεγε
1432 852 1479 912 τὸν
1506 846 1670 934 Ζηνόθεμιν
1698 845 1857 931 εἰργάσθαι
1887 843 1961 932 ὑπὲρ
1993 858 2043 914 τοῦ
2139 865 2144 882 ’

236 959 334 1045 phou,
358 955 402 1031 ὡς
424 955 505 1042 δρᾷς,
534 954 569 1022 od
593 961 685 1044 μικρὰ
707 953 775 1021 obde
798 953 854 1021 ἀπὸ
877 958 994 1020 πολλῶν
1017 953 1052 1018 ἀν
1076 953 1202 1019 Σκυθῶν
1223 961 1374 1041 γενόμενα,
1408 953 1467 1037 οἵγε
1495 951 1551 1018 κάν
1573 958 1626 1026 raiz
1648 956 1808 1026 παλλακὰς
1832 954 1964 1039 ἀκριβῶς
1990 960 2042 1029 τοῖς

236 1067 400 1136 καλλίστας
427 1062 604 1146 ἐκλέγεσθαι
630 1066 764 1146 λέγονται
790 1085 867 1130 num
897 1064 994 1150 digna
1026 1064 1098 1144 siut,
1131 1083 1201 1147 quaa
1230 1069 1299 1127 tarn
1329 1061 1445 1128 acerbe
1472 1063 1706 1149 vituperentur,
1739 1061 1950 1132 dubitandum
1984 1074 2041 1131 est.

238 1171 299 1237 Est
324 1172 451 1256 quidem
475 1173 566 1236 iocus
589 1172 679 1252 lenis,
708 1193 772 1256 quo
797 1172 928 1236 Graccus
953 1169 1108 1254 Scytham
1132 1170 1276 1234 cavillari
1298 1177 1442 1235 conatur.
1489 1170 1572 1234 Aliis
1596 1191 1728 1253 quoque
1751 1171 1830 1235 locis
1854 1171 1909 1250 (cl.
1933 1191 1958 1237 o.
1986 1174 2043 1254 ll)

240 1277 428 1367 Mnesippus
452 1275 606 1344 Toxarim
628 1279 745 1343 leniter
767 1277 903 1343 illudere
926 1277 1020 1342 solet.

398 1385 528 1460 Quintae
558 1386 808 1450 narratiunculae
840 1405 866 1450 c.
899 1385 940 1450 27
972 1383 1071 1448 verba
1099 1384 1153 1445 καί
1182 1381 1289 1468 δήποτε
1319 1379 1411 1466 ὁμὲν
1435 1380 1603 1468 Δημήτριος
1627 1380 1729 1467 έιυχεν
1756 1380 1787 1454 ἐς
1816 1387 1867 1470 τὴν
1895 1382 2043 1466 Αἴγυπτον

238 1489 400 1578 ἀποδημῶν
422 1512 499 1558 num
522 1500 611 1557 recte
634 1513 653 1556 a
677 1491 716 1556 G.
748 1497 943 1557 moneantur
972 1492 1119 1556 dubitare
1149 1491 1256 1556 velim.
1301 1489 1381 1554 Haec
1408 1489 1485 1554 dicit
1515 1489 1568 1554 (λε
1602 1491 1739 1573 primum
1770 1491 1901 1577 quidem
1932 1493 2042 1575 negle-

237 1599 433 1684 gentissime,
457 1620 529 1663 cum
553 1621 579 1664 c.
604 1601 645 1664 δέ
670 1598 790 1663 dictum
813 1599 854 1663 sit
878 1600 997 1664 amicos
1013 1598 1046 1662 in
1060 1599 1248 1685 Aegyptum
1262 1598 1433 1682 navigasse
1456 1597 1692 1674 (συνεκπλεόσας
1707 1599 1763 1680 γὰρ
1783 1594 1815 1668 ές
1830 1602 1881 1684 την
1895 1595 2043 1681 Αἴγυπτον

236 1703 253 1766 ὁ
277 1703 448 1791 Δημήτριος
469 1700 645 1791 Ἀντιφίλῳ)
669 1713 767 1789 atquc
791 1726 847 1770 eos
871 1705 1041 1770 advenisse
1066 1703 1333 1790 Alexandriaeque
1361 1703 1477 1768 morari
1503 1709 1665 1790 appareat,
1695 1704 1781 1769 iulra
1807 1705 1961 1792 scriptum
1990 1715 2041 1772 est

238 1812 410 1901 aliquando
434 1811 599 1893 accidisse,
631 1821 668 1877 ut
699 1810 885 1876 Demetrius
917 1813 1212 1899 peregrinationem
1241 1811 1275 1874 in
1299 1810 1485 1896 Aegyptum
1516 1811 1695 1896 susciperet
1726 1812 1795 1890 (act
1825 1811 1932 1898 δήποτε
1960 1813 2042 1894 κτλ);

237 1919 401 2007 quomodo
426 1920 511 1983 enirn
534 1918 602 1983 fieri
628 1925 768 2004 oportet,
800 1925 835 1982 ut
857 1919 885 1983 is
911 1919 965 2002 qui
987 1919 1020 1982 in
1045 1918 1196 2004 Aegypto
1222 1917 1289 1980 iam
1315 1923 1470 1997 moratur,
1502 1917 1535 1980 iu
1558 1915 1745 2002 Aegyptum
1776 1917 2037 2004 proficiscaturt’“

239 2025 302 2091 Sed
325 2045 397 2090 mea
420 2025 581 2090 sententia
604 2047 668 2090 non
693 2033 750 2106 est,
775 2025 861 2112 quod
884 2025 991 2090 locum
1014 2033 1198 2109 corruptum
1222 2031 1280 2087 aut
1303 2043 1492 2109 perversum
1516 2023 1753 2104 existimemus;
1780 2045 1855 2090 nam
1880 2021 2041 2112 ἀποδημεῖν

238 2133 371 2200 verbum
393 2153 451 2220 per
473 2154 509 2198 se
533 2153 597 2198 non
621 2133 781 2217 significat
804 2152 822 2197 e
846 2139 931 2197 terra
954 2133 987 2196 in
1011 2132 1107 2196 aliam
1131 2129 1305 2205 discedere,
1336 2131 1393 2194 sed
1423 2137 1548 2196 tantum
1578 2132 1684 2196 locum
1715 2132 1854 2217 aliquem
1881 2133 2041 2201 deserere.

239 2239 334 2306 Hanc
356 2240 623 2324 significationem
648 2240 825 2324 simplicem
848 2239 1026 2304 Luciauum
1051 2235 1236 2302 adhibuisse
1260 2234 1416 2324 probatur
1439 2237 1510 2302 aliis
1535 2237 1628 2320 locis3
1653 2238 1785 2303 afferam
1808 2239 1937 2304 Phalar.
1954 2240 1997 2323 ΙΙ,
2022 2247 2041 2306 u

236 2347 268 2410 δν
290 2345 374 2432 ἴσμεν
398 2341 459 2408 οὐδ’
484 2343 556 2430 ἄχρι
578 2353 628 2408 τοῦ
652 2346 756 2408 πλοίου
781 2343 1041 2430 ἀποδεδημηκότα.
1085 2343 1136 2408 Ι)ο
1159 2343 1219 2408 dea
1244 2341 1337 2430 Syria
1359 2343 1402 2408 33
1430 2341 1593 2430 ἀποδημέει
1622 2343 1655 2407 δὲ
1685 2344 1729 2415 δίς
1757 2341 1882 2410 ἑκάστου
1906 2345 1987 2420 ἔτεος
2010 2347 2042 2421 ἐς

236 2455 395 2517 θάλασσαν
418 2449 450 2523 ἐς
472 2452 597 2538 κομιδὴν
620 2459 669 2514 του
693 2449 772 2515 εἶπον
796 2447 903 2522 ὕδατος
932 2459 965 2515 et
994 2453 1038 2516 36·
1063 2451 1140 2530 λέγει
1163 2449 1195 2512 δὲ
1218 2453 1343 2513 καὶτοῦ
1367 2454 1497 2536 σημηίου
1520 2453 1596 2532 πέρι,
1619 2455 1687 2514 κότε
1709 2456 1770 2538 χρη
1795 2473 1842 2537 μιν
1865 2450 2043 2540 ἀποδημέειν

234 2565 286 2648 την
311 2557 391 2622 εἷπον
414 2557 592 2645 ἀποδημίην.
637 2557 736 2623 Liber
765 2558 805 2622 de
835 2558 897 2623 dea
927 2555 1022 2642 Syria
1053 2559 1116 2622 iam
1150 2579 1169 2622 a
1198 2558 1273 2622 viris
1302 2557 1407 2621 doctis
1435 2557 1581 2621 Lucieno
1612 2557 1791 2642 denegatus
1823 2565 1884 2624 est.
1929 2558 2043 2647 Nuper

236 2675 345 2733 antem
369 2667 593 2732 Rothsteinius
616 2663 685 2744 (lib.
708 2688 739 2752 p.
764 2666 822 2746 37)
846 2665 1021 2751 genuinum
1045 2685 1118 2730 esse
1141 2685 1214 2730 eum
1238 2663 1402 2730 contendit
1426 2664 1475 2729 his
1497 2663 1619 2730 verbis:
1659 2663 1797 2746 „Similis
1821 2667 1964 2734 condicio
1988 2681 2040 2736 est

236 2773 336 2839 libelli
357 2773 409 2838 De
432 2771 492 2837 doa
515 2771 616 2857 Syria,
640 2773 673 2837 in
697 2793 761 2856 quo
784 2772 1047 2858 Lectori-patria
1069 2771 1150 2837 adeo
1175 2779 1287 2858 aparte
1310 2771 1466 2836 indicatur
1489 2771 1531 2850 [c.
1559 2775 1573 2835 l
1600 2779 1633 2836 ct
1657 2775 1717 2854 60)
1740 2781 1787 2854 ut,
1811 2775 1839 2838 ei
1863 2781 1952 2840 esset
1973 2797 2039 2842 non

235 2881 427 2959 Lucianeus‚
457 2877 627 2963 lingendus
658 2885 747 2944 essct
774 2879 921 2944 imitator
952 2879 1102 2944 imitatus
1132 2877 1312 2943 Lucianum
1344 2879 1527 2943 imitantem
1559 2877 1775 2944 Herodotum.
1824 2879 1904 2954 Quae
1934 2888 2040 2946 autem

236 2986 276 3052 ad
299 2987 384 3052 huuc
407 2985 551 3051 libellum
577 2992 609 3048 et
633 2985 674 3049 ad
698 2987 886 3070 opusculum
901 2983 951 3048 De
966 2985 1145 3068 astrologia
1159 2985 1199 3049 de
1214 2985 1355 3050 dialecto
1377 2991 1581 3066 monuerunt,
1606 3006 1703 3071 quam
1719 3006 1787 3050 rem
1803 3005 1859 3051 cur
1874 2985 2041 3052 credamus

235 3093 426 3180 diligentius
448 3113 544 3180 quam
568 3101 677 3158 cetera
699 3093 784 3158 solet
808 3100 965 3157 tractasse
990 3091 1167 3155 Lucienum
1192 3111 1258 3154 non
1282 3088 1390 3171 video;
1421 3091 1461 3155 iis
1488 3111 1552 3154 non
1583 3091 1655 3176 plus
1684 3090 1843 3176 probatur
1874 3112 1970 3177 quarn
2000 3111 2041 3157 eo

236 3201 324 3286 quod
354 3201 619 3286 superstitionem
647 3219 719 3286 quse
749 3201 781 3264 in
813 3207 955 3283 utroque
981 3196 1064 3262 libro
1093 3204 1227 3284 apparet
1255 3219 1274 3262 a
1302 3195 1438 3261 Luciani
1465 3197 1596 3282 ingenio
1629 3195 1803 3262 abhorrere
1832 3205 2041 3284 putaverunt,

235 3328 307 3371 cum
332 3313 441 3370 tamen
463 3307 574 3370 fictum
597 3305 659 3371 hoc
682 3327 812 3394 quoque
837 3326 909 3370 esse
932 3303 971 3370 ad
988 3304 1148 3370 Herodoti
1171 3302 1358 3387 exemplum
1383 3309 1416 3366 et
1439 3321 1498 3386 per
1521 3323 1556 3366 sc
1573 3311 1727 3389 appareat
1749 3309 1782 3367 et
1797 3303 1916 3368 dudum
1931 3303 2041 3370 obser·

235 3414 423 3496 resumsit,
455 3433 561 3498 neque
585 3413 709 3477 minore
732 3413 803 3477 iure
827 3411 971 3478 offendas
995 3412 1028 3477 iu
1052 3411 1147 3476 Verae
1170 3409 1314 3475 historiae
1337 3407 1436 3492 libris,
1469 3429 1605 3495 quorum
1638 3409 1878 3496 comparatione
1910 3410 2040 3476 libellus

234 3519 276 3586 de
299 3521 360 3586 dea
383 3518 476 3603 Syria
499 3519 620 3602 optime
643 3519 856 3584 illustratur“.
893 3517 1035 3602 Quoquo
1058 3516 1156 3582 modo
1179 3537 1231 3582 res
1255 3537 1291 3581 sc
1314 3515 1421 3597 habet,
1444 3514 1475 3580 id
1495 3521 1623 3582 constat
1637 3515 1772 3580 verbum
1794 3513 1958 3604 ἀποδημεῖν
1981 3517 2041 3584 hec

234 3627 472 3714 significatione
495 3629 687 3710 usurpatum
717 3625 793 3708 legi.
840 3621 906 3688 Vix
936 3624 1039 3708 igitur
1067 3623 1249 3708 negandum
1280 3629 1331 3689 ast
1361 3619 1523 3706 ἀποδημεῖν
1553 3619 1584 3692 ἐς
1611 3627 1663 3709 τὴν
1690 3619 1837 3704 Αἴγυπτον
1866 3624 2040 3710 quadrare3

235 3731 422 3798 Demetrius
446 3730 531 3796 enirn
556 3729 597 3796 ad
619 3730 803 3817 pyramidas
829 3730 977 3795 visendas
1001 3730 1199 3795 Alexandria
1224 3729 1365 3794 decessit
1387 3735 1421 3792 ct
1444 3728 1476 3792 iu
1500 3730 1688 3816 Aegyptum
1711 3731 1906 3816 penetrarit.
1932 3765 1975 3777 -

392 3837 444 3902 Ad
473 3855 520 3916 ea,
555 3857 626 3921 quae
656 3836 695 3901 G.
726 3835 840 3902 deinde
871 3836 931 3901 hac
959 3836 999 3901 da
1029 3835 1149 3916 sabula,
1178 3856 1242 3923 qua
1270 3833 1430 3922 Antiphili
1462 3841 1504 3904 et,
1523 3833 1679 3900 Demetrii
1711 3836 1852 3901 amicitia
1882 3842 2040 3918 narratur,

236 3942 346 4007 multis
368 3942 473 4008 verbis
497 3943 637 4024 disserit,
670 3943 747 4008 nihil
771 3943 953 4010 addendum
979 3953 1047 4026 eet3
1078 3961 1191 4009 omnes
1216 3941 1299 4006 enim
1327 3943 1358 4006 ei
1386 3919 1602 4017 consentidnt‚
1631 3961 1683 4006 res
1714 3942 1762 4005 ita
1784 3947 1930 4008 narratas
1958 3961 2040 4024 esse,

235 4055 271 4112 ut
301 4049 356 4112 vix
382 4049 551 4136 quisquam
583 4071 638 4114 aas
667 4071 701 4115 ro
730 4071 808 4116 vera
837 4049 990 4114 accidisse
1019 4057 1123 4136 putet.
1168 4047 1242 4112 Ηοο
1273 4054 1400 4112 tantum
1430 4046 1626 4110 monendum
1656 4055 1717 4114 ast.
1762 4046 1843 4112 Oum
1866 4049 1961 4114 amici
1984 4049 2039 4130 uti,

233 4154 321 4242 quod
345 4174 410 4219 nou
433 4175 505 4219 cunr
528 4155 599 4220 aliis
624 4157 770 4240 effugere
793 4177 811 4221 e
835 4177 962 4220 carcere
986 4157 1092 4221 conati
1108 4163 1208 4236 erant,
1232 4153 1273 4219 ab
1291 4153 1435 4240 Aegypti
1450 4153 1603 4239 praefecto
1622 4153 1791 4220 avinculis
1808 4157 2039 4236 emitterentur,

234 4282 298 4325 uon
323 4259 522 4346 accipiebant
546 4261 628 4326 hanc
651 4265 799 4346 gratiam,
832 4283 872 4326 ue
901 4262 1086 4327 viderentur
1111 4270 1246 4348 propter
1276 4260 1531 4325 misericordiam
1561 4268 1687 4324 tantum
1712 4261 1816 4326 emitti
1837 4275 1879 4330 tc.
1904 4263 1946 4324 33
1970 4256 2037 4323 ἀλλ’

233 4361 288 4428 οὐκ
311 4365 418 4430 ἐκεῖνοί
439 4389 471 4448 γε
494 4365 652 4453 ἠγάπησαν
676 4363 769 4438 οὕτως
792 4365 951 4454 ἀφιέμενοι,
985 4367 1059 4450 ἕβοα
1086 4367 1120 4430 δὲ
1147 4365 1163 4430 d
1187 4365 1356 4452 Δημήτριος
1377 4368 1430 4427 καί
1456 4365 1535 4428 δεινὰ
1566 4365 1667 4439 ἐποίει,
1698 4364 1867 4428 ἀδικεῖσθαι
1897 4375 1974 4452 opi<
2004 4363 2038 4430 οὐ

232 4475 352 4556 σμικρά,
375 4469 400 4535 εἰ
423 4473 541 4544 δόξουσι
562 4481 725 4555 κακοῦργοι
748 4472 827 4544 ὄντες
850 4471 925 4556 ἐλέιμ
948 4473 968 4561 ἢ
991 4473 1101 4558 ἐπαίνιμ
1123 4481 1173 4537 του
1197 4477 1238 4560 μη
1262 4471 1426 4555 ἀποδρᾶναι
1450 4470 1618 4558 ἀφεῖσθαι).
1664 4473 1839 4537 Postulant
1864 4473 1972 4556 igitur,
2002 4483 2039 4539 at

232 4578 369 4663 quaeetio
393 4578 560 4644 habeatur.
597 4580 690 4645 Nunc
715 4599 791 4644 vero
815 4581 996 4666 quastione
1018 4581 1139 4646 iudices
1162 4580 1358 4665 intellegunt
1382 4579 1502 4644 amicos
1526 4580 1716 4644 innocentes
1737 4597 1808 4643 esse
1825 4586 1858 4642 et
1876 4599 1932 4644 eos
1951 4581 2038 4644 omni

231 4685 366 4748 crimine
398 4683 580 4752 absolvunt.
628 4685 703 4751 dam
738 4687 846 4751 omnia
875 4685 958 4751 bene
988 4707 1024 4752 se
1052 4687 1180 4752 habeut.
1227 4685 1291 4751 Sed
1328 4706 1353 4751 c.
1386 4689 1428 4752 34
1468 4686 1606 4771 scriptor
1641 4684 1681 4750 ad
1712 4685 1794 4750 hanc
1826 4685 2040 4768 quaestionem

231 4789 374 4855 habitam
405 4793 617 4858 enarrandam
647 4793 740 4877 redit,
775 4801 811 4858 ut
841 4801 962 4880 quauta
991 4801 1025 4858 et
1052 4815 1150 4878 quam
1179 4794 1313 4880 insignis
1343 4793 1482 4858 amicitia
1511 4794 1638 4858 illorum
1669 4793 1766 4858 luerit
1793 4793 1974 4858 accuratius
2005 4801 2038 4858 et

230 4897 381 4962 disertius
406 4897 560 4984 explicet3
584 4900 647 4965 iam
671 4901 761 4967 dicit:
790 4950 797 4966 .
823 4949 830 4965 .
855 4948 862 4964 .
885 4947 894 4964 .
916 4902 968 4962 καί
992 4895 1098 4971 αὐτοὺς
1122 4899 1156 4964 ἄν
1179 4921 1226 4964 σοι
1252 4900 1319 4970 τοὺς
1350 4901 1457 4980 λόγους
1485 4897 1640 4985 διεξηλθον
1669 4899 1798 4969 πολλοὺς
1826 4901 1878 4960 καί
1904 4896 2039 4981 ἀγαθοὺς

230 5001 327 5079 ὄντας,
351 5002 404 5075 οὓς
427 5000 443 5068 ὁ
467 5001 637 5090 Δημήτριος
660 5003 736 5070 εἶπεν
760 5055 767 5070 .
793 5055 799 5068 .
824 5055 832 5070 .
855 5000 929 5091 ὑπὲρ
952 5013 1003 5071 τοῦ
1025 5001 1205 5094 Ἀντιφίλου,
1232 5008 1284 5068 καὶ
1315 5005 1453 5089 δακράων
1475 5008 1594 5088 προσέτι
1621 5007 1673 5067 καί
1696 5001 1831 5068 iterabant
1853 5007 1906 5066 καί
1928 5009 1960 5070 τὸ
1983 5015 2040 5069 πᾶν
