4574 5676
1989 353 2030 418 lt

217 583 238 628 a
267 561 457 627 semianime
489 559 590 626 Basta
620 579 657 626 se
689 559 722 625 in
751 557 906 623 Belittam
938 556 1095 622 averterit
1125 574 1265 644 eumque
1292 555 1444 641 amplexa
1477 552 1528 636 sit,
1559 559 1627 618 tum
1661 554 1805 638 graviter
1834 553 2025 618 vulneratus

218 669 426 755 moriensque
460 688 533 734 eam
567 666 760 750 transfigit“.
793 701 838 714 —
872 662 970 739 Quod
1000 670 1108 728 autam
1139 661 1178 728 G.
1210 660 1287 726 dicit
1317 680 1428 726 omues
1458 660 1546 725 viros
1576 659 1689 725 doctos
1719 659 1920 724 intellexisse
1942 657 2027 724 hanc

217 773 435 840 narrationem
459 773 566 838 fictam
589 793 673 848 esse,
696 770 784 855 quod
806 769 838 835 in
863 768 996 854 Scythia
1018 769 1131 834 leones
1155 789 1220 834 non
1244 769 1316 850 sint,
1346 768 1429 832 tales
1457 767 1547 832 lenes
1578 785 1702 832 errores
1734 764 1820 852 apud
1844 765 2026 832 Lucienum

220 887 332 948 extare
354 877 443 944 hand
464 898 588 966 paucos
613 877 811 944 efferendum
836 881 898 942 est.
945 873 1008 958 (et.
1031 873 1082 940 De
1111 897 1142 962 p.
1171 895 1266 940 mero.
1295 873 1387 939 cond.
1417 874 1468 951 37,
1497 871 1548 938 De
1578 872 1639 936 dea
1666 871 1760 956 Syria
1790 873 1843 951 35,
1872 869 1924 938 De
1952 871 2030 938 hist.

217 1009 341 1054 consor.
364 989 416 1064 38,
440 985 523 1052 Dial.
548 987 636 1052 deor.
659 988 711 1066 24,
735 986 780 1064 2).
827 981 987 1067 Equidem
1011 981 1111 1046 telem
1143 1001 1286 1047 errorem
1310 980 1446 1044 Luciani
1473 979 1691 1065 neglegentia
1719 977 1924 1044 tribuendum
1953 999 2028 1044 esse

217 1101 309 1180 puto,
332 1113 396 1158 non
420 1092 494 1158 inde
518 1111 674 1180 apparere
698 1112 762 1156 non
777 1091 956 1154 Lucisnum
976 1088 1033 1153 sed
1049 1088 1237 1172 scriptorem
1258 1086 1417 1171 quendam
1439 1086 1583 1172 ineptum
1608 1085 1693 1150 huno
1715 1087 1822 1152 locum
1846 1087 2027 1172 scripsisse.

378 1199 453 1265 Nou
474 1199 580 1263 minus
605 1219 701 1283 quam
724 1197 795 1262 ollis
818 1197 907 1276 locis,
931 1196 986 1281 qui
1008 1197 1072 1258 iam
1097 1194 1228 1258 tractati
1252 1201 1337 1272 eunt,
1361 1193 1455 1257 nimis
1479 1213 1593 1257 severo
1617 1199 1651 1256 et
1675 1199 1827 1258 accurata
1857 1194 2028 1279 impugnat

219 1305 260 1372 G.
274 1303 373 1370 uerba
386 1325 458 1392 quae
473 1312 590 1370 extant
604 1327 630 1370 c.
647 1305 689 1368 53
705 1310 755 1366 τοῦ
770 1302 802 1364 δέ
816 1305 890 1384 πρὸς
904 1303 936 1364 τὸ
951 1298 1121 1364 ἀνέλπιστον
1135 1307 1184 1364 τοῦ
1201 1301 1354 1386 θεάματος
1367 1300 1608 1379 καταπλαγέντος
1620 1302 1673 1361 καί
1691 1301 1779 1385 χάριν
1802 1297 2026 1385 ὁμολογοῦντος.

220 1412 300 1487 Qum
323 1419 441 1497 arguta
463 1411 674 1498 ineptiantem
697 1407 851 1474 Toxarim
875 1408 981 1474 dicere
1005 1408 1045 1472 G.
1067 1405 1250 1490 contendit,
1279 1427 1369 1488 ,nom
1393 1408 1500 1474 solent
1522 1407 1677 1486 homines,
1701 1407 1817 1492 inquit,
1848 1429 1968 1494 magua
1990 1429 2028 1474 re

219 1517 351 1584 attoniti
377 1519 530 1584 omittere
554 1516 641 1601 quod
666 1517 770 1582 lacere
792 1514 930 1597 debent,
955 1513 1147 1595 videturque
1163 1512 1300 1578 Toxaris
1315 1513 1494 1597 significare
1510 1514 1728 1594 Arsacomam,
1752 1515 1814 1580 nisi
1831 1517 2023 1601 necopinata

218 1645 254 1690 re
283 1623 506 1712 obstipuisset,
540 1622 700 1688 Manantes
734 1623 856 1708 gratias
891 1630 1038 1686 acturum
1073 1640 1137 1686 non
1173 1619 1305 1686 luisee“.
1351 1619 1534 1684 Mirandum
1569 1641 1642 1686 esse
1676 1621 1793 1686 deinde
1826 1620 1903 1686 dicit
1939 1621 2027 1710 quod

219 1734 413 1798 Arsaoomas
437 1730 560 1818 copida,
583 1729 692 1814 gladio
717 1728 791 1792 salci
814 1728 919 1804 simili,
944 1726 1182 1809 Adyrmachum
1199 1747 1303 1812 usque
1318 1725 1357 1791 ad
1372 1725 1538 1811 cingulum
1561 1725 1660 1790 findat
1683 1728 1725 1804 (c.
1750 1729 1792 1792 55
1815 1731 1867 1790 καὶ
1890 1728 2029 1802 corten<

219 1848 255 1923 ιη
277 1837 375 1902 κοπίδι
397 1839 481 1920 παρὰ
503 1840 551 1899 τὀν
574 1832 687 1921 αὐχένα
711 1838 801 1920 μέχρι
823 1844 875 1920 της
898 1836 993 1920 ζώνης
1016 1832 1154 1917 διέτεμε).
1189 1832 1262 1907 Quo
1286 1833 1357 1896 iure
1380 1833 1419 1896 G.
1442 1839 1536 1917 putet
1558 1831 1619 1896 hoc
1642 1833 1857 1900 instrumento
1882 1835 2031 1920 graviter

221 1944 381 2010 vulnerari
406 1963 470 2008 non
493 1963 600 2030 posse,
622 1945 655 2008 in
680 1940 785 2007 medio
808 1941 1039 2024 relinquemus.
1085 1939 1149 2004 Sed
1174 1961 1237 2006 nou
1260 1939 1500 2025 neglegendum
1527 1947 1578 2005 eet
1602 1939 1758 2005 Perseum
1787 1941 1883 2008 simili
1905 1943 2028 2008 instru-

222 2057 331 2116 mento
355 2056 505 2116 ornatum
528 2051 605 2134 fingi
630 2050 746 2114 solere.
793 2048 959 2112 Lucienus
984 2047 1052 2134 ipse
1074 2045 1125 2111 De
1149 2046 1245 2112 domo
1269 2065 1295 2110 o.
1319 2048 1361 2110 22
1386 2044 1519 2110 exhibet
1540 2047 1593 2107 καὶ
1615 2049 1648 2108 τὸ
1672 2049 1724 2130 μέν
1747 2043 1816 2112 ὅσον
1839 2055 1947 2135 κητους
1970 2046 2029 2112 εἶδε

218 2163 270 2245 τὴν
292 2155 451 2222 Μέδουσαν
473 2157 532 2246 ἤδη
562 2159 653 2230 λίθος
682 2155 752 2232 ἐστί,
781 2159 813 2220 τό
842 2151 940 2219 δ’ὀσον
968 2153 1102 2240 ἔμψυχον
1132 2157 1220 2240 μένει,
1251 2162 1286 2237 τῇ
1316 2149 1397 2237 ἅρπη
1425 2158 1563 2216 κόπτεται
1596 2163 1629 2220 et
1656 2153 1739 2222 Dial.
1768 2178 1846 2224 mer.
1874 2162 1922 2240 14,
1947 2161 1967 2224 2
1990 2167 2029 2242 τῇ

220 2264 302 2349 δεξιᾷ
323 2271 374 2352 τ”ην
396 2261 493 2351 ἅρπην
516 2263 607 2350 ἔχων,
629 2262 755 2349 ἀπέτεμε
778 2267 828 2350 την
851 2263 984 2350 κεφαλὴν
1008 2257 1108 2348 αὐτῆς.

382 2371 498 2438 Monet
521 2373 636 2438 deinde
660 2371 707 2452 G,
732 2391 802 2457 quae
819 2393 878 2436 sua
892 2371 1053 2436 sententie
1068 2375 1180 2434 contra
1193 2369 1301 2454 logica
1315 2375 1475 2456 precepta
1489 2369 1647 2456 disposita
1663 2378 1749 2436 sunt.
1784 2371 2027 2458 Nonnunquam

223 2481 308 2545 enim
332 2477 504 2545 Toxaridis
529 2478 728 2564 scriptorem,
756 2499 828 2542 cum
851 2476 999 2564 quaedam
1021 2477 1068 2540 ita
1092 2474 1291 2560 exposuerit,
1323 2477 1417 2560 quasi
1439 2483 1618 2562 sequentur
1642 2497 1683 2542 ex
1707 2479 1763 2557 eis,
1787 2500 1859 2562 ques
1883 2489 2030 2545 anteces-

222 2586 334 2666 serint,
350 2605 486 2670 quorum
503 2605 603 2649 causa
618 2585 716 2670 igitur
730 2583 998 2648 antecedentibus
1013 2584 1225 2664 contineatur,
1247 2581 1421 2648 eorundem
1439 2603 1551 2646 novam
1567 2603 1696 2648 causam
1709 2591 1829 2672 postea
1842 2586 2031 2672 adiungere,

222 2713 294 2756 curn
318 2700 457 2773 utraque
478 2695 537 2755 aut
561 2689 755 2756 antecedere
778 2697 835 2754 aut
858 2690 949 2776 sequi
972 2689 1100 2754 debeat.
1129 2689 1237 2753 Huius
1261 2689 1391 2773 generis
1415 2697 1482 2754 tres
1506 2691 1595 2754 locos
1619 2691 1721 2772 affert,
1745 2691 1861 2779 quibus
1886 2693 1916 2758 id
1941 2693 2028 2778 quod

223 2803 335 2862 monet
365 2804 530 2884 peccatum
561 2816 596 2861 re
626 2817 701 2860 uera
731 2797 924 2860 continetur.
969 2793 1034 2860 Sed
1063 2795 1194 2861 minimo
1224 2796 1284 2860 hac
1311 2817 1346 2861 re
1377 2795 1489 2861 adduci
1520 2817 1579 2862 nos
1609 2799 1696 2878 licet,
1727 2807 1764 2866 ut
1786 2820 1943 2885 negemus
1968 2799 2029 2868 hos

222 2904 312 2969 locos
336 2902 453 2988 dignos
477 2923 561 2988 esse,
585 2904 639 2987 qui
662 2903 807 2968 Lucieno
832 2903 1022 2981 tribuantur,
1055 2905 1173 2990 quippe
1199 2905 1264 2990 qui,
1291 2911 1327 2968 ut
1350 2904 1469 2968 iterum
1492 2903 1693 2970 Rothstoinii
1716 2905 1815 2970 verba
1839 2908 1979 2988 afferam,
2010 2928 2032 2972 a

221 3008 384 3096 cogitandi
407 3017 440 3074 et
465 3009 589 3074 dicendi
611 3011 787 3075 savedtato
811 3009 866 3074 illa
890 3029 962 3092 quea
986 3009 1026 3074 ab
1051 3012 1193 3095 antiquis
1217 3011 1427 3097 scriptoribus
1450 3011 1541 3097 posci
1567 3011 1651 3076 solet
1668 3032 1764 3098 quem
1778 3015 1920 3080 maxime
1935 3013 2032 3082 absit.

222 3115 329 3180 Unum
353 3116 482 3201 quidem
506 3115 673 3181 extribus
698 3116 777 3180 locis
802 3115 978 3180 accuratius
1002 3115 1216 3182 attendemus.
1251 3115 1338 3182 Dicit
1362 3117 1417 3182 G.:
1447 3118 1497 3198 ,in
1520 3139 1545 3182 c.
1571 3116 1612 3186 29
1637 3117 1697 3184 boo
1721 3114 1855 3182 υπενόσει
1877 3129 2031 3204 τοιγαροῦν

221 3219 281 3308 ἥδη
303 3223 357 3284 καὶ
380 3227 515 3308 πονηρους
546 3220 633 3308 εἶχεν,
663 3231 701 3287 ut
729 3229 881 3305 τοιγαροῦν
910 3222 1014 3303 docet,
1045 3241 1087 3286 ex
1116 3223 1382 3288 antecedentibus
1409 3225 1581 3310 colligitur,
1613 3233 1646 3290 et
1677 3231 1787 3291 tamen
1819 3234 1936 3312 postea
1966 3229 2030 3292 elia

222 3328 326 3396 morbi
349 3351 446 3396 causa
468 3329 601 3395 additur
621 3325 698 3408 (οἷον
722 3323 800 3398 εἰκός
823 3330 922 3412 χαμαί
948 3327 1135 3392 καθεῦδοντα
1159 3377 1166 3391 .
1191 3376 1198 3391 .
1223 3329 1279 3410 .)“.
1324 3329 1548 3414 Neglegenter
1579 3330 1640 3396 hoc
1672 3353 1690 3396 a
1718 3333 1875 3418 scriptore
1908 3332 2031 3398 dictum

223 3458 297 3502 csse
321 3457 387 3500 non
406 3435 594 3520 ¹negandum
620 3443 684 3516 est;
714 3435 772 3500 sed
795 3435 877 3500 hanc
900 3435 1060 3500 rationem
1090 3456 1107 3499 e
1130 3435 1275 3502 Lucieno
1300 3457 1365 3502 non
1393 3438 1530 3503 alienam
1562 3459 1635 3504 esse
1665 3438 1752 3503 haud
1780 3439 1847 3503 scio
1876 3459 1917 3504 sn
1947 3440 2030 3507 bene

222 3542 372 3628 intellegi
394 3543 499 3629 possit
521 3543 617 3608 simili
641 3543 723 3620 loco,
747 3542 803 3626 qui
827 3548 920 3606 artat
937 3541 1019 3606 Dial.
1038 3549 1132 3606 mort.
1157 3543 1187 3620 6,
1211 3543 1230 3606 3
1254 3549 1450 3626 τοιγαροῦν
1477 3545 1592 3625 γέλωτα
1615 3540 1804 3630 ὀφλισκάνετε
1827 3549 1884 3628 πρὸ
1908 3543 2028 3611 ἐκείνων

223 3653 474 3732 κατορυττόμενοι,
498 3651 595 3710 καὶτὸ
612 3659 733 3731 πρᾶγμα
755 3655 816 3717 τοῖς
838 3647 962 3718 πολλοῖς
984 3645 1100 3733 ἣδιστον
1123 3653 1237 3730 γίνεται·
1262 3647 1333 3734 ὅσῳ
1356 3651 1425 3733 γὰρ
1448 3645 1530 3735 ὑμεῖς
1554 3647 1686 3722 ἐκείνους
1710 3648 1871 3716 ἀποθανεῖν
1891 3648 2029 3737 εὔχεσθε,

224 3754 352 3836 τοσοότῳ
376 3751 484 3818 ἅπασιν
507 3752 562 3840 ἡδὺ
587 3755 806 3838 προαποθανεῖν
830 3747 908 3837 ὑμᾶς
931 3748 1035 3822 αὐτῶν.

384 3859 423 3924 In
446 3861 492 3926 eis
516 3881 588 3945 quas
603 3860 742 3928 Toxaris
766 3881 791 3926 o.
816 3862 855 3924 bl
881 3861 921 3924 de
945 3861 1154 3947 sycophantia
1179 3862 1256 3928 dicit
1272 3862 1310 3928 G.
1335 3861 1479 3943 offendit,
1504 3865 1655 3948 quoniam
1679 3865 1775 3930 homo
1799 3870 1867 3929 tum
1891 3865 2029 3950 primum

224 3966 258 4032 in
289 3965 446 4032 Graciam
474 3969 648 4056 profectus,
680 3967 952 4054 sycophantarum
980 3967 1132 4032 notitiam
1166 3968 1307 4034 nondum
1336 3969 1456 4034 habere
1487 3971 1601 4056 possit.
1648 3972 1728 4036 ltem
1761 3972 1790 4036 ei
1814 3991 1879 4036 non
1902 3973 2030 4058 placent

224 4095 251 4136 c·
275 4075 318 4138 60
341 4072 439 4138 verba
462 4077 649 4156 τιτρώσκεται
672 4070 762 4148 αὐτὸς
784 4075 932 4159 καμπῦλῳ
955 4085 994 4158 τῷ
1018 4073 1091 4162 ξίφει
1115 4069 1299 4162 ὑποτμηθεὶς
1320 4081 1371 4163 τὴν
1394 4073 1501 4154 ὶγνῦαν.
1549 4075 1719 4150 Quomodo
1750 4078 1834 4142 enim
1863 4079 1942 4159 eius,
1975 4081 2032 4164 qui

225 4181 381 4246 adversus
404 4189 539 4268 pugnet,
563 4183 677 4268 poples
702 4183 779 4248 cendi
802 4183 916 4270 possit,
947 4205 984 4248 sa
1013 4203 1078 4249 nou
1109 4183 1302 4267 intellegere
1330 4185 1511 4267 profitetur.
1556 4181 1621 4248 Sed
1649 4184 1748 4248 nimia
1771 4184 1956 4248 subtilitate
1979 4184 2031 4248 hic

225 4309 303 4352 usus
328 4295 387 4353 est.
433 4288 613 4370 Utriusque
637 4289 700 4354 loci
723 4289 894 4354 difficultas
919 4290 993 4355 talis
1018 4290 1190 4360 astutis
1215 4296 1342 4354 tantum
1365 4290 1518 4369 offendet,
1547 4291 1602 4374 qui
1626 4309 1757 4376 operam
1781 4289 1846 4370 dat,
1877 4298 1914 4354 ut
1938 4289 2030 4356 locos

225 4393 374 4458 difficiles
396 4395 528 4479 indaget
552 4415 658 4480 usque
680 4405 799 4480 preter
822 4393 861 4460 G.
883 4396 937 4458 uix
962 4396 1130 4480 quisquam
1156 4396 1229 4461 falsi
1250 4398 1421 4484 quicquam
1441 4405 1554 4462 extare
1569 4397 1663 4462 dicat.
1700 4395 2030 4463 praeconaretur

229 4520 353 4583 ,neque
377 4500 499 4582 dubito,
531 4503 608 4586 quin
631 4500 793 4564 Lucienus
818 4499 915 4564 etiam
941 4501 1002 4565 hoo
1026 4503 1139 4566 vulnus
1162 4502 1281 4568 inillis
1305 4501 1462 4574 ἀπιθάνοις
1485 4505 1634 4588 τραῦμασι
1664 4512 1892 4569 numeraturus
1921 4505 2034 4586 luerit,

225 4627 297 4694 quae
325 4607 357 4672 in
387 4608 469 4672 libro
500 4607 540 4673 de
572 4627 694 4674 consor.
726 4606 801 4670 hist.
832 4627 858 4670 c.
883 4609 925 4672 20
956 4606 1085 4672 irridet“
1119 4628 1185 4672 non
1211 4607 1379 4695 probanda
1409 4630 1482 4676 esee
1514 4611 1586 4674 loco
1617 4611 1673 4675 illo
1709 4609 1872 4700 adscripto
1904 4612 2029 4697 optime

224 4723 388 4803 appareat.
424 4713 578 4796 Legimus
593 4715 678 4780 enim
692 4708 776 4783 obre:
791 4705 816 4774 δ’
832 4707 882 4776 οὖν
896 4717 948 4775 καῖ
969 4715 1125 4798 τραῦματα
1148 4717 1309 4800 συνέγραψε
1333 4720 1406 4778 πάνυ
1431 4713 1567 4780 ἀπίθανα
1589 4720 1642 4779 καῖ
1664 4719 1813 4786 θανάτους
1837 4713 2032 4790 ἀλλοκότους,

225 4819 268 4894 ὡς
291 4819 332 4893 είς
356 4821 498 4884 δάκτυλον
520 4828 570 4883 τοῦ
593 4819 683 4890 ποδὸς
704 4825 752 4883 τὀν
776 4821 865 4904 μεγόιν
888 4821 1013 4902 τρωθείς
1036 4841 1078 4891 τις
1101 4816 1209 4884 αὐτίκα
1231 4819 1410 4908 ἑτελεῦτησε,
1434 4825 1486 4884 καί
1510 4819 1552 4893 ὡς
1575 4819 1775 4910 ἐμβοήσαντος
1792 4827 1880 4907 μόνον
1899 4820 2034 4908 Πρίσκου

211 4935 274 4998 ,τοῦ
297 4935 460 5014 στρατηγοῦ
482 4924 555 4990 ἑπτὰ
577 4930 630 4989 καί
653 4923 747 4990 εἴκοσι
769 4936 825 4990 τῶν
847 4927 995 5013 πολεμίων
1019 4923 1171 5000 ἐξέθανον.
