4574 5676
247 435 287 501 18

404 631 516 700 Verba
539 655 565 700 e.
589 635 628 698 61
655 635 706 694 καὶ
730 630 810 718 ἐ’μθῃ
835 632 1009 702 διεκπαίσας
1031 627 1106 693 καθ’
1131 632 1147 694 δ
1162 632 1286 720 μηδέπω
1301 634 1410 704 τελέως
1424 631 1609 697 ἀπεκέκαυτο
1625 629 1682 698 ba'o
1696 642 1747 698 τοῦ
1761 639 1854 718 τορός
1868 631 2051 702 Jacobitins

243 743 289 808 ite
311 740 543 827 interpretatus
567 747 632 804 est:
673 741 798 826 „erupit
832 759 870 803 ea
896 746 988 825 parte
1021 737 1116 818 domi,
1149 761 1213 823 qua
1241 761 1281 804 ea
1310 739 1451 805 nondum
1479 742 1575 828 plane
1605 740 1753 807 incendio
1776 741 1886 806 deleta
1908 742 2049 808 fuemt‘.

245 847 327 924 Qua
350 849 576 934 interpretatio
600 846 639 911 G.
662 867 727 911 non
750 846 921 932 probatur;
945 867 1020 909 nam
1044 847 1072 909 si
1095 847 1142 910 ita
1165 848 1422 933 interpretemur,
1445 847 1654 912 statuendum
1676 867 1751 912 esse
1772 847 1915 932 reliquas
1937 855 2050 935 partes

243 956 329 1021 domi
352 957 415 1020 iarn
438 953 534 1040 plane
557 952 704 1018 incendio
728 951 852 1017 deletas
876 973 948 1016 csse
973 959 1006 1016 et
1027 953 1073 1016 ita
1096 950 1272 1016 mirandum
1304 974 1377 1018 esse
1407 955 1526 1018 amicos
1556 953 1589 1018 in
1618 953 1715 1018 demo
1738 954 1885 1019 incendio
1908 957 2050 1020 maxima

243 1083 286 1129 ex
307 1070 400 1149 parta
422 1061 517 1147 plane
541 1059 650 1124 deleta
673 1060 818 1143 integros
842 1059 1008 1124 mansisse.
1056 1057 1225 1144 Equidem,
1248 1061 1366 1146 pergit,
1390 1081 1431 1124 ne
1454 1061 1515 1124 hoc
1539 1058 1666 1144 quidem
1689 1060 1854 1146 intellego,
1880 1061 2047 1146 quomodo

242 1173 369 1236 minore
392 1189 466 1233 cum
487 1167 632 1254 periculo
656 1165 830 1230 Abaucbas
855 1185 894 1228 aa
915 1175 1009 1250 parta
1038 1164 1152 1229 domus
1180 1168 1333 1252 eruperit,
1367 1187 1438 1250 qum
1468 1166 1613 1232 incendio
1646 1166 1788 1232 nondum
1814 1169 1910 1254 plane
1940 1168 2050 1236 deleta

242 1279 352 1358 fuerit,
377 1296 448 1359 qum
471 1276 571 1360 igitur
595 1280 664 1337 tum
687 1274 828 1336 maxime
852 1271 1019 1357 flagrabat,
1044 1291 1138 1354 quam
1163 1291 1211 1346 ea,
1245 1293 1316 1356 quse
1346 1273 1494 1338 inccndio
1522 1274 1585 1336 iem
1615 1279 1688 1338 tota
1717 1280 1910 1361 consumpta
1940 1275 2048 1340 fuerit.

242 1385 323 1450 Haec
348 1383 456 1447 omnia
479 1385 567 1445 recte
590 1401 609 1443 a
633 1379 672 1443 G.
696 1379 850 1443 adnotata
874 1399 981 1464 neque
1002 1375 1155 1442 Jacobitii
1178 1379 1483 1465 interpretationem
1506 1378 1703 1466 probandam
1727 1399 1810 1462 essa,
1834 1399 1945 1446 omnes
1967 1389 2050 1468 puto

242 1489 443 1572 consentire3
467 1485 540 1551 inde
564 1493 675 1550 autem
699 1487 807 1572 putari
830 1485 986 1550 nonlicet
1002 1484 1185 1571 verbaipsa
1201 1486 1340 1549 maxime
1364 1486 1530 1572 implicata
1552 1485 1604 1550 vel
1627 1484 1768 1550 absurda
1792 1505 1874 1565 esse,
1898 1490 2048 1568 quoniam

243 1596 408 1681 Stephano
438 1601 572 1659 auctore
600 1593 695 1657 multi
726 1593 789 1656 loci
817 1592 903 1678 apud
934 1593 1104 1678 scriptores
1128 1591 1259 1657 Grecos
1291 1592 1506 1673 inveniuntur,
1537 1589 1654 1678 quibus
1682 1591 1814 1657 verbum
1844 1589 2051 1656 ἁποκαίεσθαι

241 1705 327 1770 idem
349 1703 436 1768 valet
461 1699 548 1786 quod
575 1699 720 1780 ,aduri“;
753 1721 818 1784 qua
840 1697 1077 1782 significatione
1102 1698 1247 1764 exhibita
1280 1699 1369 1762 locus
1397 1699 1493 1784 plane
1523 1699 1643 1762 nullam
1675 1697 1884 1763 offensionem
1914 1699 2048 1786 praebet.

403 1807 575 1872 Subtiliter
607 1805 646 1871 G.
670 1815 780 1870 monet
807 1805 906 1871 verba
936 1805 1082 1870 eiusdem
1113 1806 1228 1886 capitis
1259 1803 1337 1866 bue
1366 1804 1476 1874 παῖδας
1505 1807 1557 1888 μὲν
1585 1806 1638 1866 καὶ
1665 1799 1756 1876 αὖθις
1785 1808 1970 1891 ποιήσασθαί
1998 1829 2050 1892 μοι

242 1912 418 2000 peperceral
441 1913 550 2000 ἄδηλον
575 1910 600 1975 εἰ
623 1911 734 1990 ἁγαθοὶ
758 1910 873 1974 ἔσονταί
896 1906 982 1974 οὗτοι.
1029 1911 1108 1976 Haec
1129 1914 1241 1993 potius
1266 1933 1325 1976 sua
1348 1914 1511 1977 sententia
1539 1911 1635 1978 scribi
1665 1913 1809 1999 oportuit
1838 1909 1917 1975 ἀλλὰ
1943 1914 2048 1986 παῖδες

242 2027 295 2110 μὲν
318 2020 344 2085 εἰ
366 2019 477 2103 ἀγαθοὶ
500 2019 610 2084 ἔσοιντο
634 2019 754 2105 ἄδηλον,
777 2021 829 2080 καὶ
853 2017 965 2088 ἄλλους
987 2013 1076 2088 αὖθις
1100 2018 1285 2102 ποιήσασθαί
1309 2039 1358 2103 μοι
1381 2014 1489 2100 ῥᾴδιον.

401 2127 477 2194 Janr
505 2128 545 2192 ad
575 2128 670 2192 finem
703 2126 910 2210 Guttentagii
937 2124 1173 2190 dissertationis
1202 2127 1416 2212 pervenimus.
1462 2125 1561 2190 Certe
1590 2125 1685 2190 nobis
1715 2125 1955 2193 eoncedendum
1987 2139 2049 2213 ast,

241 2236 328 2302 baud
351 2257 455 2323 pauca
476 2235 612 2300 inveniri
633 2235 666 2298 in
689 2233 831 2318 dialogo,
860 2253 931 2316 quae
954 2233 1058 2296 minus
1080 2232 1210 2318 placent
1232 2251 1338 2315 neque
1362 2233 1471 2296 omnia
1495 2251 1565 2315 quae
1588 2233 1742 2317 leguntur
1764 2233 1860 2298 facile
1881 2235 2048 2324 intellegi3

240 2343 298 2408 sed
323 2341 486 2426 quomodo
511 2362 637 2426 cunque
659 2360 712 2404 res
736 2338 903 2420 sehabet,
927 2340 1062 2403 multum
1085 2339 1189 2418 abeat,
1212 2347 1250 2404 ut
1274 2340 1492 2423 Guttentagio
1517 2341 1737 2420 assentiamus,
1770 2349 1943 2406 utcontra
1971 2365 2046 2410 con·

240 2449 330 2514 tendi
353 2449 449 2514 licere
471 2455 631 2533 putemus,
659 2444 699 2509 ab
723 2445 853 2510 homine
875 2446 964 2509 nullo
989 2444 1143 2510 Toxarim
1166 2446 1310 2531 spurium
1335 2465 1408 2510 esse
1430 2447 1632 2530 argumentis
1656 2446 1695 2510 ad
1719 2446 1922 2533 probandum
1946 2449 2048 2516 firmia

239 2557 303 2621 ism
327 2555 587 2619 demonstratum
610 2571 694 2617 esse.
738 2551 955 2617 Difficultates
979 2553 1006 2616 si
1031 2572 1102 2638 quae
1124 2552 1187 2616 iam
1211 2559 1326 2618 extant
1350 2551 1410 2618 boc
1432 2553 1464 2616 in
1492 2549 1612 2634 libello,
1643 2554 1763 2618 aviris
1786 2554 1891 2620 doctis
1915 2555 1987 2622 iore
2010 2565 2049 2622 ut

238 2663 411 2728 solvantur
433 2681 610 2748 speremus.

399 2766 538 2832 Constat
562 2764 689 2850 quidem
713 2765 848 2830 Luciani
868 2765 1027 2830 rationem
1052 2766 1290 2850 grammaticam
1322 2767 1440 2832 multas
1468 2767 1500 2830 in
1529 2773 1637 2852 partes
1669 2769 1837 2832 aratione
1861 2769 2047 2838 Atticorum

240 2875 438 2960 discrepar03
471 2872 558 2959 quod
588 2874 652 2936 iam
683 2877 759 2936 ante
790 2872 971 2957 complures
1002 2891 1103 2936 annos
1139 2869 1192 2935 Du
1221 2871 1389 2936 Mesnilius
1425 2878 1704 2954 commentatione,
1739 2893 1812 2958 quae
1845 2875 2045 2943 inscribitur:

243 2980 492 3062 ,Grammaticau
525 2999 620 3066 quam
648 2977 811 3042 Lucienus
838 2979 871 3042 io
903 2979 1030 3065 scriptis
1061 2978 1128 3042 suis
1158 2987 1290 3042 secutus
1322 2987 1382 3055 est,
1413 2981 1496 3044 ratio
1524 3001 1597 3044 cum
1628 2981 1836 3064 antiquorum
1860 2982 2044 3050 Atticorum

238 3089 367 3152 ratione
390 3085 615 3171 comparaturu
643 3095 677 3149 at
700 3105 804 3170 nuper
825 3083 880 3148 W.
905 3081 1082 3149 Schmidius
1113 3085 1194 3149 libro
1232 3083 1318 3164 ,Der
1341 3087 1532 3150 Atticismus
1559 3087 1592 3150 in
1616 3087 1727 3152 acinon
1751 3087 2045 3177 Hauptvertretern

238 3215 303 3260 von
326 3192 504 3276 Dionysius
529 3213 591 3256 von
607 3191 816 3256 Halicarnass
840 3189 890 3255 bis
914 3191 975 3255 auf
995 3189 1056 3254 deu
1081 3192 1219 3256 awaiten
1235 3189 1475 3256 Philostratus“
1503 3213 1707 3280 summopere
1730 3193 2046 3264 demonstraverunt.

239 3299 403 3366 Nonnulla
426 3299 478 3363 hic
503 3297 734 3376 adscribantur,
759 3318 829 3381 quae
852 3297 885 3362 bi
909 3297 969 3362 viri
991 3297 1080 3361 docti
1103 3317 1121 3361 e
1144 3295 1310 3363 Taxarida
1333 3307 1536 3365 monuerunt.

400 3406 553 3470 Aoristus
577 3405 745 3488 gnomious
762 3403 813 3468 Du
831 3403 983 3468 Mesnilio
1009 3411 1094 3468 testa
1117 3402 1204 3490 apud
1219 3405 1399 3470 Lucianum
1420 3426 1565 3494 persepe
1588 3407 1760 3489 invenitur,
1785 3429 1849 3493 quo
1870 3410 2046 3497 scriptores

239 3514 331 3579 attici
353 3533 427 3577 raro
451 3511 635 3576 utebantur.
680 3513 804 3577 Praeter
826 3514 946 3576 multos
970 3511 1051 3576 alios
1074 3512 1163 3576 locos
1187 3509 1240 3575 Du
1265 3511 1434 3577 Mesnilius
1457 3512 1594 3578 adnotat
1626 3515 1722 3579 etiam
1746 3513 1830 3582 Tox.
1854 3518 1896 3581 48
1927 3513 2042 3580 ἐπειδὰν

238 3618 395 3705 ἀδικηθείς
417 3639 461 3688 τις
483 3622 556 3702 πρὸς
580 3615 679 3702 ἑτέρον
703 3618 877 3704 ἀμὺνασθαι
901 3619 1083 3703 βουλόμενος
1103 3616 1153 3701 ἴδῃ
1180 3613 1254 3680 καθ’
1280 3615 1383 3682 ἑαυτὸν
1411 3613 1466 3682 οὐκ
1496 3617 1662 3704 ἀξιόμαχος
1684 3617 1733 3696 ὤν,
1759 3621 1829 3704 βοῦν
1852 3617 1986 3705 ἱερεόσας
2006 3623 2046 3684 τὰ

238 3729 291 3812 μὲν
313 3729 390 3810 κρέα
411 3729 588 3810 κατακόψας
609 3724 730 3812 ἥψησεν.

399 3831 582 3919 Saepissime
605 3832 769 3898 Lucienus
792 3832 951 3898 infinitivo
974 3829 1112 3918 perlecti
1133 3851 1192 3917 pro
1217 3830 1377 3897 infinitivo
1410 3835 1578 3920 prasentia
1608 3833 1709 3898 utitur
1736 3841 1812 3919 post
1838 3835 1937 3900 verba
1959 3837 2044 3918 volo,

239 3945 379 4027 oportet,
402 3939 498 4004 decet
522 3939 658 4025 aliaque,
682 3938 840 4027 quemad
865 3959 960 4004 usum
983 3937 1173 4003 Latinorum
1199 3939 1350 4024 exemplo
1374 3939 1534 4004 adductus
1557 3959 1631 4005 asse
1653 3937 1707 4002 Du
1732 3937 1880 4006 llasnilio
1904 3943 2045 4009 videtur.

237 4043 291 4111 Ex
313 4045 477 4111 Taxaride
500 4067 526 4112 e.
550 4049 592 4112 62
615 4045 716 4112 verbs
738 4045 924 4111 adnotanda
946 4053 1036 4110 sunt:
1066 4042 1125 4129 ἤδη
1153 4043 1186 4106 δὲ
1212 4049 1320 4128 καιρὸς
1349 4042 1384 4108 ἂν
1412 4044 1458 4131 εἴη
1481 4046 1650 4128 κεκρίσθαι,
1678 4041 1818 4130 ὁπότερον
1841 4045 1925 4134 ἡμῶν
1948 4045 1968 4134 ἢ
1990 4053 2045 4136 τὴν

236 4153 365 4234 γλῶτταν
388 4151 408 4238 ἢ
430 4157 481 4239 τὴν
503 4152 598 4224 δεξιὰν
621 4149 845 4238 ἀποτετμῆσθαι
868 4151 939 4225 δέοι,
963 4169 1027 4236 qno
1052 4149 1186 4216 deloco
1209 4152 1272 4216 iam
1297 4153 1540 4240 supradictum
1565 4160 1625 4216 est.

395 4258 447 4324 De
471 4259 638 4324 modorum
662 4259 818 4346 imprimis
842 4258 883 4323 de
905 4257 1040 4344 optativi
1069 4277 1131 4322 usu
1155 4255 1209 4322 Du
1232 4257 1402 4324 Mesuilius
1431 4267 1464 4324 et
1487 4255 1670 4326 Schmidius
1701 4262 1805 4326 multa
1836 4269 2044 4328 monuerunt.

235 4367 288 4433 Ex
310 4365 472 4432 Toxerida
495 4365 676 4431 adnotanda
698 4373 774 4431 sunt
796 4364 895 4430 verba
917 4387 942 4430 o.
966 4365 1022 4428 37:
1044 4370 1128 4426 sobre
1151 4360 1238 4448 ἡμεῖς
1261 4361 1308 4426 ἐπὶ
1331 4374 1386 4427 τῶν
1408 4365 1500 4452 μίλιον
1523 4374 1615 4429 ποιεῖν
1639 4364 1775 4452 ἀξιοῦμεν
1799 4416 1806 4429 .
1833 4415 1840 4430 .
1867 4415 1874 4430 .
1899 4415 1907 4430 .
1931 4364 1974 4439 ὡς
1997 4374 2042 4457 μὴ

235 4473 480 4559 διαμαρτάνοιμεν
502 4481 554 4558 τῆς
577 4473 678 4558 φιλίας
701 4472 776 4558 μηδὲ
801 4470 964 4557 ἀπόβλητοι
987 4469 1118 4554 δόξωμεν
1142 4466 1222 4534 εἶναι.
1258 4471 1373 4536 Plures
1390 4493 1487 4556 quam
1502 4474 1736 4559 quinquaginta
1751 4475 1842 4538 locos
1860 4471 2043 4542 Schmidius

235 4580 413 4661 adnotavit,
438 4577 554 4664 quibus
578 4579 696 4645 eodem
719 4579 815 4645 modo
840 4580 1006 4667 optativus
1030 4592 1089 4664 pro
1114 4577 1321 4642 coniunctivo
1345 4586 1526 4664 usurpatur.
1562 4579 1726 4644 Praeterea
1740 4578 1774 4644 hi
1788 4581 1850 4644 loci
1866 4579 2042 4648 Toxoridis

236 4685 386 4752 mouendi
415 4695 501 4768 sunt,
531 4685 646 4771 quibus
677 4688 841 4773 optativus
870 4707 937 4751 non
968 4684 1051 4750 bene
1081 4682 1244 4748 exhibitus
1275 4692 1341 4749 ast:
1369 4705 1395 4750 c.
1429 4690 1484 4766 113
1515 4689 1574 4766 at;
1605 4687 1658 4748 52.
1704 4683 1932 4772 Compluribus
1962 4690 2041 4754 locis

236 4793 418 4858 Luciauum
440 4801 516 4880 post
537 4794 728 4880 particulam
752 4789 777 4855 el.
800 4793 1039 4858 coniunctivum
1061 4791 1229 4877 scripsisse
1252 4789 1305 4855 Du
1328 4789 1497 4856 Mesnilius
1522 4813 1553 4878 p.
1576 4793 1619 4856 23
1641 4790 1744 4858 docet.
1789 4793 1865 4859 Huc
1888 4801 2041 4881 spectant

234 4899 342 4983 verba,
367 4921 437 4983 quae
461 4905 577 4965 extant
600 4897 684 4964 Tox.
710 4901 728 4964 'l
753 4895 778 4961 εὶ
800 4899 833 4960 δέ
855 4919 881 4960 τι
903 4900 956 4960 καὶ
978 4901 1082 4981 μικρόν
1105 4917 1131 4959 τι
1153 4894 1325 4982 damete,
1349 4893 1457 4968 αὐτοῖς.

395 5005 578 5094 Saepissime
601 5027 659 5094 pro
673 5001 707 5069 cb
721 5005 898 5070 Lucienum
913 5010 954 5092 μή
971 5003 1159 5070 exhibuisse
1182 5012 1216 5070 et
1231 5026 1251 5070 a
1265 5003 1424 5072 Schmidio
1450 5010 1483 5070 et
1508 5024 1528 5068 e
1547 5001 1600 5070 Du
1615 5003 1765 5074 Mesnilio
1780 5007 2038 5074 demonstratum
