4574 5676
1993 383 2033 447 13

386 585 566 652 Lucianum
588 605 733 672 persaepe
755 585 807 649 vel
835 582 915 647 durs
941 582 992 647 vel
1015 581 1228 668 neglegenter
1251 581 1390 646 scribere
1413 582 1476 646 iam
1501 579 1622 647 dictum
1648 586 1714 664 est;
1744 581 1855 666 itaqua
1884 600 1951 646 non
1972 581 2035 646 iem

228 699 468 782 repugnaturus
493 713 563 757 sum
590 691 638 774 (ί,
670 691 724 776 qui
747 711 858 755 rursus
885 691 966 754 tales
989 689 1080 754 locos
1105 697 1225 755 monet.
1270 689 1451 776 Vituperat‚
1482 697 1519 754 ut
1543 689 1610 753 haec
1634 689 1777 770 offeram,
1806 687 1907 753 verba
1932 709 1959 754 o.
1991 690 2035 756 62

224 799 284 887 ἤδη
308 799 341 862 δὲ
363 801 468 882 καιρός
491 795 526 861 ἂν
549 795 595 885 εἴη
619 799 790 880 κεκρίσθαι,
814 792 954 878 ὁπότερον
976 792 1059 880 ἡμῶν
1083 792 1103 880 ἢ
1125 799 1176 881 την
1199 796 1328 877 γλῶτταν
1351 793 1371 881 ἢ
1394 799 1444 880 την
1468 795 1562 866 δεξιὰν
1586 791 1810 880 ἀποτετμῆσθαι
1833 793 1903 858 δέοι.
1939 795 2035 869 Quod

227 908 441 994 neglegenter
465 904 586 970 dictum
609 923 683 969 esse
706 903 882 986 contendit,
907 923 978 966 cnm
1002 901 1173 966 dicendum
1197 904 1254 967 sit:
1282 904 1362 983 „iam
1387 922 1465 968 vero
1489 903 1588 986 igitur
1611 909 1738 988 tempus
1762 907 1813 968 est
1833 899 2035 980 diiudicandi

227 1021 337 1078 utrum
361 1012 420 1078 tibi
444 1012 557 1096 lingua
581 1031 621 1076 an
644 1009 721 1075 mihi
745 1009 863 1074 dextro
887 1011 1048 1094 amputari
1072 1007 1221 1074 debeat“·.
1269 1009 1386 1074 Melius
1419 1031 1498 1074 sane
1526 1011 1616 1075 locus
1641 1010 1702 1074 diei
1724 1011 1848 1097 potnit3
1880 1009 1938 1074 sed
1966 1009 2036 1074 haeo

228 1117 326 1184 rerba
351 1117 520 1183 nLuciani
543 1117 662 1202 scripte
686 1136 760 1182 osse
783 1117 847 1180 iam
870 1114 946 1180 inde
970 1121 1114 1202 apparet,
1139 1115 1226 1199 quod
1248 1116 1384 1204 perfecti
1406 1116 1581 1180 infinitivus
1604 1137 1662 1202 pro
1685 1116 1844 1181 infinitivo
1866 1118 2035 1203 presentie

226 1225 393 1292 exhibitus
418 1233 477 1290 est.
516 1223 695 1290 Lucianunr
711 1224 796 1288 enim
812 1229 887 1307 post
903 1221 1001 1286 rerba
1023 1222 1195 1302 βοόλεσῖλαι,
1219 1231 1338 1308 χρῆναι,
1363 1222 1430 1305 δεῖν,
1454 1219 1569 1296 ἐξεῖναι,
1593 1223 1658 1288 alia
1681 1223 1777 1288 simili
1797 1223 2036 1308 significatione

227 1334 387 1400 infinitivo
410 1331 546 1419 perlecti
568 1353 626 1418 pro
652 1330 807 1396 infinitivo
832 1331 1001 1412 presentis
1025 1329 1202 1416 saepissime
1225 1351 1320 1394 usum
1345 1349 1418 1394 esse
1432 1350 1452 1394 a
1468 1328 1521 1393 Du
1536 1328 1686 1394 Mesnilio
1703 1337 1874 1396 comment.
1897 1351 1975 1418 pgg.
1995 1335 2034 1396 12

226 1448 261 1506 et
289 1443 329 1504 13
352 1440 464 1504 multis
487 1439 567 1504 loeis
593 1439 700 1502 allatis
722 1435 895 1521 probatum
920 1443 982 1502 est.

387 1545 425 1610 ln
449 1545 620 1610 enuntiato
644 1561 670 1607 ο.
695 1545 733 1608 61
760 1540 780 1629 η
803 1547 873 1629 γυνη
897 1541 930 1604 δὲ
952 1545 1085 1630 φέρουσα
1107 1545 1140 1606 τὸ
1164 1543 1273 1629 βρέφος
1290 1539 1385 1604 εἵπετο
1400 1538 1578 1605 ἀκολουθεῖν
1592 1543 1763 1605 κελεόσασα
1784 1546 1837 1606 καί
1858 1547 1909 1630 την
1931 1548 2036 1630 κόρην,

225 1651 302 1740 ἥδέ
324 1649 506 1739 ἡμίφλεκτος
535 1648 643 1737 ἀφεῖσα
671 1653 704 1712 τὸ
733 1648 849 1713 παιδίον
879 1645 914 1712 ἐκ
941 1659 996 1735 της
1028 1647 1162 1736 ἀγκάλης
1194 1651 1279 1734 μόλις
1309 1649 1466 1736 διεπήδησε
1494 1653 1545 1734 τὴν
1573 1649 1671 1736 φλόγα
1696 1649 1860 1715 offendere
1893 1649 1931 1715 G.
1962 1673 2035 1718 con·

228 1759 333 1826 tendit
354 1777 535 1845 pronomen
558 1755 578 1842 ἣ
601 1754 653 1838 δέ;
685 1777 758 1820 nem
783 1777 856 1820 enm
889 1757 944 1838 qui
972 1755 1073 1840 legat,
1101 1763 1278 1844 propterea
1302 1755 1389 1840 quod
1411 1759 1503 1842 κόρην
1527 1776 1639 1821 rocem
1662 1755 1681 1840 ἢ
1705 1755 1737 1818 δὲ
1760 1775 1938 1842 pronomen
1961 1778 2036 1844 pro·

226 1867 313 1933 xime
343 1873 509 1948 sequatur,
544 1864 639 1928 aliter
671 1863 865 1948 intellegere
899 1882 965 1926 non
999 1881 1106 1949 posse,
1143 1883 1238 1947 quam
1270 1864 1298 1928 si
1327 1861 1434 1927 verbis
1466 1861 1487 1948 ἣ
1519 1862 1552 1924 δὲ
1578 1859 1762 1948 ἡμίφλεκτος
1927 1865 2036 1952 puelle

228 1972 437 2056 significetur.
483 1968 548 2035 Sed
572 1971 772 2034 constructio
797 1969 966 2034 verborum
991 1971 1047 2034 vix
1069 1977 1135 2034 tam
1159 1991 1276 2057 aspera
1300 1977 1359 2050 cst,
1382 1978 1419 2033 ut
1443 1970 1488 2034 ita
1509 1971 1720 2054 vituperetur,
1752 1971 1904 2056 quoniam
1928 1973 2036 2036 statim

229 2079 342 2144 additis
367 2078 473 2144 verbis
497 2074 606 2163 ἀφεῖσα
628 2079 661 2139 τό
684 2076 799 2140 παιδίον
824 2076 1034 2160 intellegitur,
1066 2097 1211 2160 quanam
1236 2075 1342 2142 verbis
1372 2075 1392 2162 ἢ
1423 2075 1455 2138 δέ
1483 2077 1691 2162 significetur.
1738 2077 1777 2142 G.
1807 2079 1837 2142 si
1868 2099 1980 2144 omues
2002 2079 2036 2143 in

229 2186 356 2251 libellos
380 2183 492 2250 andern
515 2183 698 2249 subtilitate
730 2182 1023 2264 animadvertisset,
1053 2191 1142 2248 certe
1172 2184 1294 2248 multos
1325 2183 1415 2250 locos
1446 2203 1580 2270 asperos
1610 2182 1790 2249 invenisset
1820 2191 1921 2268 atque
1951 2186 2037 2251 houd

227 2293 294 2358 seio
327 2313 368 2356 nn
397 2311 463 2356 non
494 2291 618 2355 minore
647 2291 717 2355 iure
745 2289 905 2356 hocloco
938 2289 1141 2356 offendisset:
1181 2285 1210 2352 οί
1239 2289 1271 2352 δὲ
1299 2289 1440 2377 δησαντες
1469 2287 1550 2376 ἡμᾶς
1580 2283 1705 2371 ῥοδίνοις
1735 2299 1889 2376 στεφανοῖς
1918 2288 1962 2364 ὡς
1989 2297 2037 2356 τὀν

228 2395 370 2483 ἄρχοντα,
395 2391 465 2479 παρ’
491 2393 530 2459 ὢν
553 2397 590 2482 δὴ
613 2397 676 2460 κτλ.
722 2397 816 2475 (Ver.
840 2397 913 2462 hist.
937 2396 981 2475 ΙΙ,
1005 2400 1052 2477 6.)

388 2502 486 2579 Quod
516 2503 555 2568 G.
587 2523 613 2568 c.
640 2507 679 2568 12
707 2502 807 2568 rerba
838 2500 867 2566 ἐν
896 2503 1026 2585 τοσουτῳ
1054 2504 1219 2591 vituperat
1247 2524 1350 2587 caque
1380 2504 1461 2569 satis
1491 2503 1570 2567 dore
1599 2502 1684 2568 dicta
1712 2509 1816 2590 putot,
1846 2525 1919 2572 cum
1948 2509 2036 2572 nulla

227 2611 348 2678 diserta
369 2611 526 2697 temporis
552 2611 745 2696 significatio
769 2610 946 2689 antecedat,
975 2610 1015 2674 ad
1047 2632 1144 2694 quam
1167 2613 1361 2694 referantur,
1391 2613 1507 2677 afferre
1535 2611 1633 2676 velim
1664 2611 1747 2676 benc
1773 2615 1944 2679 notionem
1971 2637 2036 2682 non

227 2719 291 2785 boe
314 2739 379 2783 uno
403 2717 475 2782 loco
499 2717 546 2782 ita
567 2717 713 2784 inveniri
759 2714 884 2782 Eodem
907 2717 1015 2798 modo,
1037 2723 1075 2782 ut
1097 2717 1158 2782 hos
1181 2718 1270 2782 locos
1295 2739 1452 2800 moneam,
1475 2718 1596 2801 legitur
1617 2717 1701 2783 Dial.
1726 2717 1808 2784 Mar.
1834 2721 1862 2800 b,
1890 2724 1904 2786 l
1941 2717 2037 2806 ὁγὰρ

228 2822 379 2889 Ποσειδῶν
403 2822 541 2886 ἐκέλευσέ
567 2846 603 2908 με
627 2821 792 2908 ἀκόμαντον
815 2821 852 2886 ἐν
874 2825 1044 2906 τοσοίιτῳ
1067 2824 1218 2911 φυλάττειν
1240 2828 1273 2887 τὸ
1296 2824 1425 2905 πέλαγος
1449 2831 1481 2888 et
1495 2819 1534 2886 ‘H
1548 2821 1632 2894 Θέτις
1655 2827 1707 2907 μὲν
1730 2823 1788 2910 ἤδη
1811 2829 1864 2888 καί
1887 2823 2038 2914 ὁΠηλεὺς

228 2929 457 3018 ἀπεληλυθεσαν
490 2917 524 3002 ἐς
551 2934 599 2992 τὀν
626 2931 767 3015 θάλαμον
791 2979 798 2992 .
824 2977 831 2992 .
856 2979 863 2992 .
888 2979 894 2993 .
919 2926 1043 3016 ἡἘρις
1072 2931 1105 2993 δέ
1133 2927 1169 2994 ἐν
1192 2932 1358 3014 τοσοίιτιρ
1388 2931 1529 2994 λαθοῦσα
1559 2933 1701 3002 πάντας.
1726 2979 1733 2994 .
1758 2979 1766 2994 .
1791 2929 1928 3014 ἐνέβαλεν
1951 2931 1984 3005 ές
2006 2941 2038 2999 τὸ

228 3038 387 3124 ξυμπόσιον
412 3037 507 3124 μῆλόν
530 3057 556 3098 τι
578 3037 741 3117 πάγκαλον.
787 3037 911 3102 Νευίτο
935 3038 1009 3102 loeo
1034 3036 1154 3102 diserte
1176 3039 1331 3124 temporis
1353 3038 1545 3123 significatio
1569 3040 1696 3105 notioni
1727 3035 1757 3102 έν
1782 3043 1911 3124 τοσουτῳ
1944 3049 2038 3108 ente·

228 3143 322 3227 cedit,
344 3145 456 3227 itaque
479 3163 552 3208 mea
575 3143 737 3208 sententio
759 3143 850 3209 locus
875 3141 1047 3208 Toxaridis
1071 3144 1282 3208 offensionem
1307 3163 1371 3206 non
1394 3141 1527 3226 prabet.

390 3248 515 3315 Eodem
547 3249 644 3316 modo
677 3251 886 3315 offensionem
919 3250 1039 3316 habere
1069 3250 1168 3315 verba
1199 3271 1225 3314 o.
1256 3252 1299 3314 29
1332 3245 1416 3312 οὐδέν
1443 3257 1570 3312 τοιοῦτον
1601 3249 1639 3314 G.
1667 3249 1824 3330 ridentur,
1856 3271 1927 3317 curo
1958 3253 2037 3318 nihil

228 3355 399 3442 pracedat,
422 3355 463 3420 ad
487 3356 574 3442 quod
596 3356 789 3443 pertineant.
829 3357 987 3422 Narratur
1011 3356 1140 3441 quidem
1163 3356 1225 3421 hoc
1248 3357 1320 3421 loco
1347 3357 1533 3441 Antiphilus
1559 3357 1689 3421 sceleris
1714 3357 1833 3420 nefasti
1856 3367 2037 3438 accusatus,

232 3484 426 3550 quamquam
464 3464 617 3528 innocens
659 3463 728 3544 ruit,
772 3463 805 3526 in
839 3483 998 3528 carcerem
1034 3463 1201 3528 coniectus
1235 3461 1347 3547 ibique
1376 3463 1595 3528 crudelissime
1624 3472 1762 3528 rexatus
1804 3485 1890 3548 ουτος
1929 3467 2038 3552 pergit

230 3571 366 3658 scriptor
388 3565 414 3632 εἰ
438 3564 642 3650 δ’ἀπολογοῖτό
666 3589 735 3630 ποτε
758 3568 851 3651 λέγων
876 3565 915 3632 ὧν
938 3565 1022 3632 οὐδὲν
1044 3576 1173 3632 τοιοῦτον
1196 3567 1356 3652 εἴργασται,
1381 3566 1576 3652 ἀναίσχυντος
1598 3566 1695 3632 ἐδόκει
1718 3573 1770 3633 καί
1793 3571 1867 3634 πολὺ
1886 3574 1974 3635 πλέον
1990 3570 2038 3636 ἐπί

232 3677 321 3758 τοίπερ
355 3673 492 3762 ἐμισεῖτο.
539 3674 650 3738 Verba
681 3670 765 3738 οὐδὲν
796 3682 922 3739 τοιοῦτον
957 3677 998 3742 ad
1033 3697 1072 3742 aa
1106 3696 1177 3763 quaa
1206 3675 1373 3761 Antiphilo
1404 3677 1526 3741 crimini
1556 3675 1631 3741 data
1659 3685 1734 3742 sunt
1762 3678 1845 3744 bene
1875 3681 2038 3764 pertinere

235 3800 394 3864 quemque
417 3783 568 3849 assentiri
592 3789 682 3868 puto,
705 3783 769 3848 nisi
793 3783 879 3847 forts
903 3785 975 3868 quis
999 3785 1098 3849 nimia
1121 3783 1302 3849 subtilitate
1326 3783 1439 3848 utitur.
1477 3782 1594 3867 Neque
1615 3791 1696 3870 puto
1722 3786 1934 3852 offensionem
1957 3807 2037 3873 prae·

233 3886 310 3953 bere
333 3887 430 3952 verba
452 3912 477 3954 c.
501 3891 542 3954 56
567 3893 641 3952 πάνυ
664 3893 798 3973 τραγικά,
822 3885 984 3972 ὡΤόξαρι,
1006 3893 1059 3952 καί
1082 3891 1191 3974 potor:
1214 3886 1314 3974 ὅμοια·
1337 3884 1495 3960 acturae
1510 3891 1562 3973 μέν
1577 3885 1593 3950 ὁ
1608 3883 1774 3976 Ἀκινάκης
1797 3893 1850 3952 καί
1872 3886 2037 3978 ὁἈνεμος

231 3991 296 4068 εἶεν,
322 3992 374 4063 cii:
398 3991 528 4078 ὤμοσας·
553 3992 579 4058 εἰ
600 4003 667 4078 γοῦν
690 4017 732 4066 τις
746 3993 881 4083 ἀπιστοίη·
897 3992 1007 4071 αὐτοῖς,
1033 3992 1066 4058 σί)
1082 4001 1157 4058 πάνυ
1180 3998 1313 4081 μεμπτὸς
1336 3992 1409 4058 εἶναι
1432 3995 1539 4067 δόξειεν
1563 3993 1607 4070 ἄν,
1632 4017 1827 4082 quamquam
1850 4018 1915 4063 vox
1938 3994 2037 4070 αὐτοῖς

231 4101 317 4166 male
340 4100 382 4165 ad
405 4097 504 4168 verba
526 4105 635 4188 μὺδοις
658 4101 747 4189 ὅμοια
770 4105 895 4182 referri,
925 4125 999 4169 cum
1021 4103 1213 4189 interposite
1236 4103 1301 4167 sint
1323 4102 1423 4168 rerba
1445 4097 1461 4164 ὁ
1484 4097 1650 4187 Ἀκινάκης
1671 4104 1725 4163 καῖ
1751 4097 1928 4188 ὁἈνεμος,
1962 4125 2038 4169 con·

230 4207 321 4274 cedo.
367 4207 493 4275 Maiore
528 4211 656 4294 quidem
691 4212 761 4276 iure
796 4213 920 4278 moneri
951 4219 1088 4298 possunt
1118 4209 1213 4275 verba
1245 4208 1347 4274 Oonv.
1379 4212 1398 4272 9
1431 4206 1610 4279 ἐνεδοιάζετο
1646 4212 1767 4290 πότερον
1800 4217 1861 4296 χρη
1897 4215 2037 4292 πρότερον

232 4311 394 4400 Ζηνόθεμιν
417 4319 464 4378 τὀν
488 4315 616 4380 Στωϊκὸν
645 4313 695 4379 ἅτε
722 4321 843 4401 γέροντα
870 4316 1054 4405 ἣἛρμιυνα
1084 4320 1131 4380 τ’σν
1160 4312 1374 4401 Ἐπικοόρειον;
1406 4337 1502 4400 quem
1533 4316 1574 4381 ad
1606 4317 1712 4381 loeum
1744 4315 1956 4402 supplendum
1987 4326 2038 4382 est

233 4421 362 4500 rerbum
385 4425 629 4498 narratarum,
654 4425 741 4512 quod
765 4432 891 4512 septem
916 4425 1064 4490 versibus
1087 4443 1183 4509 supra
1204 4423 1333 4508 legitur.

391 4529 481 4596 ldern
511 4532 599 4596 valet
629 4529 669 4595 ad
696 4551 723 4594 c.
751 4532 789 4594 18
818 4529 1023 4601 terebratione
1051 4529 1084 4591 δὲ
1114 4524 1199 4599 αὐτὸς
1228 4525 1318 4592 αυτοῦ
1348 4531 1485 4612 διέτριβεν
1515 4525 1545 4592 ἐν
1568 4527 1684 4612 Γυάρῳ,
1716 4549 1787 4614 quse
1813 4529 1852 4595 G.
1876 4532 2039 4597 sententis

231 4655 295 4700 non
320 4635 482 4721 elegantis
505 4637 562 4702 sed
584 4637 704 4702 inflatae
727 4637 885 4703 orationis
910 4647 995 4703 sunt.
1035 4636 1099 4702 Sed
1124 4637 1308 4723 quicunque
1324 4639 1458 4703 Luciani
1481 4639 1599 4724 scripta
1622 4639 1771 4722 perlegit,
1794 4640 1857 4702 iem
1882 4639 2037 4723 cognorit

229 4741 316 4807 baud
347 4763 421 4808 raro
452 4765 536 4827 eum,
570 4745 724 4832 imprimis
757 4745 791 4810 in
825 4745 924 4826 libris,
958 4765 1040 4830 quos
1074 4745 1199 4810 iuvenis
1234 4747 1424 4833 composuit,
1461 4745 1592 4812 tumidis
1628 4755 1661 4809 et
1697 4745 1870 4832 exquisitis
1904 4746 2035 4812 minime

231 4847 437 4933 elegentibus
462 4849 657 4916 dictionibus
687 4852 742 4934 uti,
774 4873 978 4936 quamquem,
1006 4859 1043 4918 ut
1073 4852 1112 4920 G.
1134 4851 1240 4918 verbis
1270 4859 1356 4928 utar,
1387 4852 1545 4917 tumidum
1574 4853 1644 4917 eius
1674 4852 1762 4917 modi
1792 4871 1975 4917 sermonem
2000 4854 2033 4917 in

230 4953 328 5022 Rbet.
350 4963 502 5046 praecept.
527 4963 561 5022 et
586 4957 618 5022 in
643 4957 723 5023 libro
748 4959 788 5024 de
812 4979 934 5026 consor.
960 4959 1035 5026 hist.
1059 4960 1266 5028 vehementer
1287 4959 1449 5046 vituperat
1474 4966 1507 5024 et
1531 4958 1645 5025 acerbe
1668 4957 1803 5025 deridet·
1848 4955 2038 5024 simillimus
