<?xml version="1.0" encoding="UTF-8"?>
<!DOCTYPE html PUBLIC "-//W3C//DTD XHTML 1.0 Transitional//EN"
    "http://www.w3.org/TR/xhtml1/DTD/xhtml1-transitional.dtd">
<html xmlns="http://www.w3.org/1999/xhtml" xml:lang="en" lang="en">
 <head>
  <title>
</title>
<meta http-equiv="Content-Type" content="text/html;charset=utf-8" />
  <meta name='ocr-system' content='tesseract 3.04.00' />
  <meta name='ocr-capabilities' content='ocr_page ocr_carea ocr_par ocr_line ocrx_word'/>
</head>
<body>
  <div class='ocr_page' id='page_1' title='image "./delucianidialog00kretgoog_0021.png"; bbox 0 0 4574 5676; ppageno 0'>
   <div class='ocr_carea' id='block_1_1' title="bbox 247 434 288 498">
    <p class='ocr_par' dir='ltr' id='par_1_1' title="bbox 247 434 288 498">
     <span class='ocr_line' id='line_1_1' title="bbox 247 434 288 498; baseline 0.049 -2"><span class='ocrx_word' id='word_1_1' title='bbox 247 434 288 498; x_wconf 84' lang='lat' dir='ltr'><strong>lo</strong></span> 
     </span>
    </p>
   </div>
   <div class='ocr_carea' id='block_1_2' title="bbox 245 620 2056 5080">
    <p class='ocr_par' dir='ltr' id='par_1_2' title="bbox 245 620 2054 2824">
     <span class='ocr_line' id='line_1_2' title="bbox 245 620 2052 714; baseline -0.002 -23"><span class='ocrx_word' id='word_1_2' title='bbox 245 624 291 714; x_wconf 80' lang='grc' dir='ltr'><strong>ἐρ’</strong></span> <span class='ocrx_word' id='word_1_3' title='bbox 316 623 418 690; x_wconf 69' lang='grc' dir='ltr'>ἑαυτὸν</span> <span class='ocrx_word' id='word_1_4' title='bbox 442 623 654 709; x_wconf 74' lang='grc' dir='ltr'><strong>ἀναδεξόμενος</strong></span> <span class='ocrx_word' id='word_1_5' title='bbox 678 673 685 688; x_wconf 90' lang='grc'><strong>.</strong></span> <span class='ocrx_word' id='word_1_6' title='bbox 710 671 718 686; x_wconf 91' lang='grc'><strong>.</strong></span> <span class='ocrx_word' id='word_1_7' title='bbox 743 672 750 688; x_wconf 92' lang='grc'><em>.</em></span> <span class='ocrx_word' id='word_1_8' title='bbox 796 622 888 699; x_wconf 86' lang='lat' dir='ltr'><strong>Quos</strong></span> <span class='ocrx_word' id='word_1_9' title='bbox 912 623 952 688; x_wconf 89' lang='lat' dir='ltr'><strong>ad</strong></span> <span class='ocrx_word' id='word_1_10' title='bbox 974 624 1066 688; x_wconf 88' lang='lat' dir='ltr'><strong>locos</strong></span> <span class='ocrx_word' id='word_1_11' title='bbox 1089 621 1129 688; x_wconf 83' lang='lat' dir='ltr'><strong>G·</strong></span> <span class='ocrx_word' id='word_1_12' title='bbox 1153 620 1221 686; x_wconf 73' lang='lat' dir='ltr'><strong>heco</strong></span> <span class='ocrx_word' id='word_1_13' title='bbox 1243 620 1393 686; x_wconf 82' lang='lat' dir='ltr'><strong>adnotat:</strong></span> <span class='ocrx_word' id='word_1_14' title='bbox 1421 623 1529 709; x_wconf 82' lang='lat' dir='ltr'><strong>,atqui</strong></span> <span class='ocrx_word' id='word_1_15' title='bbox 1552 622 1629 708; x_wconf 94' lang='lat' dir='ltr'><strong>quid</strong></span> <span class='ocrx_word' id='word_1_16' title='bbox 1653 622 1757 690; x_wconf 88' lang='lat' dir='ltr'><strong>flendo</strong></span> <span class='ocrx_word' id='word_1_17' title='bbox 1783 629 1817 688; x_wconf 91' lang='lat' dir='ltr'><strong>et</strong></span> <span class='ocrx_word' id='word_1_18' title='bbox 1840 623 2052 712; x_wconf 85' lang='lat' dir='ltr'><strong>supplicando</strong></span> 
     </span>
     <span class='ocr_line' id='line_1_3' title="bbox 247 727 2053 818; baseline -0.002 -18"><span class='ocrx_word' id='word_1_19' title='bbox 247 734 335 800; x_wconf 92' lang='lat' dir='ltr'><strong>aliud</strong></span> <span class='ocrx_word' id='word_1_20' title='bbox 358 733 486 798; x_wconf 79' lang='lat' dir='ltr'><strong>efficere</strong></span> <span class='ocrx_word' id='word_1_21' title='bbox 508 739 630 818; x_wconf 81' lang='lat' dir='ltr'><strong>potest,</strong></span> <span class='ocrx_word' id='word_1_22' title='bbox 664 751 758 816; x_wconf 86' lang='lat' dir='ltr'><strong>quam</strong></span> <span class='ocrx_word' id='word_1_23' title='bbox 784 738 821 794; x_wconf 90' lang='lat' dir='ltr'><strong>ut</strong></span> <span class='ocrx_word' id='word_1_24' title='bbox 844 728 1095 795; x_wconf 84' lang='lat' dir='ltr'><strong>misericordiam</strong></span> <span class='ocrx_word' id='word_1_25' title='bbox 1118 727 1258 793; x_wconf 89' lang='lat' dir='ltr'><strong>iudicum</strong></span> <span class='ocrx_word' id='word_1_26' title='bbox 1287 729 1438 806; x_wconf 84' lang='lat' dir='ltr'><strong>concitet,</strong></span> <span class='ocrx_word' id='word_1_27' title='bbox 1468 748 1541 792; x_wconf 90' lang='lat' dir='ltr'><strong>cum</strong></span> <span class='ocrx_word' id='word_1_28' title='bbox 1572 737 1679 794; x_wconf 84' lang='lat' dir='ltr'><strong>tamen</strong></span> <span class='ocrx_word' id='word_1_29' title='bbox 1709 731 1792 795; x_wconf 90' lang='lat' dir='ltr'><strong>nolit</strong></span> <span class='ocrx_word' id='word_1_30' title='bbox 1822 730 1924 796; x_wconf 87' lang='lat' dir='ltr'><strong>videri</strong></span> <span class='ocrx_word' id='word_1_31' title='bbox 1953 752 1990 796; x_wconf 87' lang='lat' dir='ltr'><strong>se</strong></span> <span class='ocrx_word' id='word_1_32' title='bbox 2018 745 2053 796; x_wconf 85' lang='lat' dir='ltr'><strong>et</strong></span> 
     </span>
     <span class='ocr_line' id='line_1_4' title="bbox 247 833 2050 925; baseline -0.003 -19"><span class='ocrx_word' id='word_1_33' title='bbox 247 842 383 906; x_wconf 82' lang='lat' dir='ltr'><strong>amioum</strong></span> <span class='ocrx_word' id='word_1_34' title='bbox 407 861 427 902; x_wconf 86' lang='lat' dir='ltr'><strong>a</strong></span> <span class='ocrx_word' id='word_1_35' title='bbox 448 838 600 925; x_wconf 72' lang='lat' dir='ltr'><strong>prefecto</strong></span> <span class='ocrx_word' id='word_1_36' title='bbox 623 847 757 924; x_wconf 89' lang='lat' dir='ltr'><strong>proptor</strong></span> <span class='ocrx_word' id='word_1_37' title='bbox 779 835 1027 900; x_wconf 87' lang='lat' dir='ltr'><strong>misericordiam</strong></span> <span class='ocrx_word' id='word_1_38' title='bbox 1051 855 1093 900; x_wconf 81' lang='lat' dir='ltr'><strong>ex</strong></span> <span class='ocrx_word' id='word_1_39' title='bbox 1115 833 1265 900; x_wconf 87' lang='lat' dir='ltr'><strong>custodia</strong></span> <span class='ocrx_word' id='word_1_40' title='bbox 1290 834 1426 898; x_wconf 89' lang='lat' dir='ltr'><strong>emissos</strong></span> <span class='ocrx_word' id='word_1_41' title='bbox 1449 837 1546 900; x_wconf 84' lang='lat' dir='ltr'><strong>esse?</strong></span> <span class='ocrx_word' id='word_1_42' title='bbox 1583 835 1687 901; x_wconf 87' lang='lat' dir='ltr'><strong>Porro</strong></span> <span class='ocrx_word' id='word_1_43' title='bbox 1711 857 1776 902; x_wconf 90' lang='lat' dir='ltr'><strong>uon</strong></span> <span class='ocrx_word' id='word_1_44' title='bbox 1798 836 1869 901; x_wconf 75' lang='lat' dir='ltr'><strong>vult</strong></span> <span class='ocrx_word' id='word_1_45' title='bbox 1892 838 2050 902; x_wconf 83' lang='lat' dir='ltr'><strong>scelestus</strong></span> 
     </span>
     <span class='ocr_line' id='line_1_5' title="bbox 247 938 2053 1028; baseline -0.002 -18"><span class='ocrx_word' id='word_1_46' title='bbox 247 946 358 1028; x_wconf 81' lang='lat' dir='ltr'><strong>videri,</strong></span> <span class='ocrx_word' id='word_1_47' title='bbox 381 945 589 1010; x_wconf 89' lang='lat' dir='ltr'><strong>nihilominus</strong></span> <span class='ocrx_word' id='word_1_48' title='bbox 614 944 716 1007; x_wconf 89' lang='lat' dir='ltr'><strong>totius</strong></span> <span class='ocrx_word' id='word_1_49' title='bbox 740 942 787 1006; x_wconf 88' lang='lat' dir='ltr'><strong>rei</strong></span> <span class='ocrx_word' id='word_1_50' title='bbox 812 941 938 1025; x_wconf 89' lang='lat' dir='ltr'><strong>culpam</strong></span> <span class='ocrx_word' id='word_1_51' title='bbox 960 939 1221 1023; x_wconf 78' lang='lat' dir='ltr'><strong>ipse&#39;praestat!“</strong></span> <span class='ocrx_word' id='word_1_52' title='bbox 1264 938 1344 1012; x_wconf 78' lang='lat' dir='ltr'><strong>Qus</strong></span> <span class='ocrx_word' id='word_1_53' title='bbox 1359 959 1378 1002; x_wconf 87' lang='lat' dir='ltr'><strong>a</strong></span> <span class='ocrx_word' id='word_1_54' title='bbox 1393 939 1433 1003; x_wconf 87' lang='lat' dir='ltr'><strong>G.</strong></span> <span class='ocrx_word' id='word_1_55' title='bbox 1449 939 1519 1003; x_wconf 87' lang='lat' dir='ltr'><strong>iore</strong></span> <span class='ocrx_word' id='word_1_56' title='bbox 1535 939 1623 1004; x_wconf 89' lang='lat' dir='ltr'><strong>dicta</strong></span> <span class='ocrx_word' id='word_1_57' title='bbox 1647 959 1721 1006; x_wconf 87' lang='lat' dir='ltr'><strong>esse</strong></span> <span class='ocrx_word' id='word_1_58' title='bbox 1744 940 1905 1006; x_wconf 91' lang='lat' dir='ltr'><strong>neminem</strong></span> <span class='ocrx_word' id='word_1_59' title='bbox 1931 961 2053 1025; x_wconf 86' lang='lat' dir='ltr'><strong>negare</strong></span> 
     </span>
     <span class='ocr_line' id='line_1_6' title="bbox 246 1041 2052 1142; baseline -0.004 -23"><span class='ocrx_word' id='word_1_60' title='bbox 246 1063 343 1142; x_wconf 84' lang='lat' dir='ltr'><strong>puto;</strong></span> <span class='ocrx_word' id='word_1_61' title='bbox 375 1073 451 1118; x_wconf 88' lang='lat' dir='ltr'><strong>nem</strong></span> <span class='ocrx_word' id='word_1_62' title='bbox 473 1071 508 1117; x_wconf 93' lang='lat' dir='ltr'><strong>re</strong></span> <span class='ocrx_word' id='word_1_63' title='bbox 532 1071 611 1116; x_wconf 81' lang='lat' dir='ltr'><strong>vera</strong></span> <span class='ocrx_word' id='word_1_64' title='bbox 630 1049 696 1114; x_wconf 93' lang='lat' dir='ltr'><strong>loci</strong></span> <span class='ocrx_word' id='word_1_65' title='bbox 718 1049 804 1114; x_wconf 90' lang='lat' dir='ltr'><strong>inter</strong></span> <span class='ocrx_word' id='word_1_66' title='bbox 827 1067 864 1110; x_wconf 91' lang='lat' dir='ltr'><strong>se</strong></span> <span class='ocrx_word' id='word_1_67' title='bbox 887 1051 1079 1132; x_wconf 78' lang='lat' dir='ltr'><strong>repugnant.</strong></span> <span class='ocrx_word' id='word_1_68' title='bbox 1125 1041 1188 1108; x_wconf 85' lang='lat' dir='ltr'><strong>Sed</strong></span> <span class='ocrx_word' id='word_1_69' title='bbox 1218 1045 1348 1110; x_wconf 89' lang='lat' dir='ltr'><strong>minime</strong></span> <span class='ocrx_word' id='word_1_70' title='bbox 1377 1045 1450 1110; x_wconf 93' lang='lat' dir='ltr'><strong>inde</strong></span> <span class='ocrx_word' id='word_1_71' title='bbox 1478 1045 1625 1110; x_wconf 87' lang='lat' dir='ltr'><strong>concludi</strong></span> <span class='ocrx_word' id='word_1_72' title='bbox 1657 1047 1733 1112; x_wconf 93' lang='lat' dir='ltr'><strong>licet</strong></span> <span class='ocrx_word' id='word_1_73' title='bbox 1763 1047 1831 1112; x_wconf 77' lang='lat' dir='ltr'><strong>hec</strong></span> <span class='ocrx_word' id='word_1_74' title='bbox 1860 1068 1880 1112; x_wconf 86' lang='lat' dir='ltr'><strong>a</strong></span> <span class='ocrx_word' id='word_1_75' title='bbox 1908 1046 2052 1112; x_wconf 89' lang='lat' dir='ltr'><strong>Luciano</strong></span> 
     </span>
     <span class='ocr_line' id='line_1_7' title="bbox 246 1150 2053 1246; baseline -0.003 -22"><span class='ocrx_word' id='word_1_76' title='bbox 246 1179 312 1224; x_wconf 91' lang='lat' dir='ltr'><strong>non</strong></span> <span class='ocrx_word' id='word_1_77' title='bbox 335 1159 456 1246; x_wconf 86' lang='lat' dir='ltr'><strong>scripto</strong></span> <span class='ocrx_word' id='word_1_78' title='bbox 479 1178 566 1240; x_wconf 88' lang='lat' dir='ltr'><strong>osse;</strong></span> <span class='ocrx_word' id='word_1_79' title='bbox 589 1177 665 1220; x_wconf 89' lang='lat' dir='ltr'><strong>nam</strong></span> <span class='ocrx_word' id='word_1_80' title='bbox 689 1154 773 1220; x_wconf 84' lang='lat' dir='ltr'><strong>haud</strong></span> <span class='ocrx_word' id='word_1_81' title='bbox 797 1174 919 1241; x_wconf 88' lang='lat' dir='ltr'><strong>paucos</strong></span> <span class='ocrx_word' id='word_1_82' title='bbox 942 1153 1032 1216; x_wconf 92' lang='lat' dir='ltr'><strong>locos</strong></span> <span class='ocrx_word' id='word_1_83' title='bbox 1056 1150 1142 1237; x_wconf 88' lang='lat' dir='ltr'><strong>apud</strong></span> <span class='ocrx_word' id='word_1_84' title='bbox 1158 1173 1232 1216; x_wconf 89' lang='lat' dir='ltr'><strong>eum</strong></span> <span class='ocrx_word' id='word_1_85' title='bbox 1245 1153 1434 1232; x_wconf 86' lang='lat' dir='ltr'><strong>invenimus,</strong></span> <span class='ocrx_word' id='word_1_86' title='bbox 1459 1153 1577 1236; x_wconf 88' lang='lat' dir='ltr'><strong>quibus</strong></span> <span class='ocrx_word' id='word_1_87' title='bbox 1594 1152 1678 1218; x_wconf 91' lang='lat' dir='ltr'><strong>idem</strong></span> <span class='ocrx_word' id='word_1_88' title='bbox 1692 1161 1814 1239; x_wconf 89' lang='lat' dir='ltr'><strong>peccat.</strong></span> <span class='ocrx_word' id='word_1_89' title='bbox 1848 1153 1920 1219; x_wconf 89' lang='lat' dir='ltr'><strong>Hos</strong></span> <span class='ocrx_word' id='word_1_90' title='bbox 1938 1155 2053 1218; x_wconf 84' lang='lat' dir='ltr'><strong>affero:</strong></span> 
     </span>
     <span class='ocr_line' id='line_1_8' title="bbox 246 1252 2054 1351; baseline -0.006 -21"><span class='ocrx_word' id='word_1_91' title='bbox 246 1265 390 1351; x_wconf 86' lang='lat' dir='ltr'><strong>Philops.</strong></span> <span class='ocrx_word' id='word_1_92' title='bbox 414 1267 456 1330; x_wconf 83' lang='lat'><strong>20</strong></span> <span class='ocrx_word' id='word_1_93' title='bbox 480 1265 617 1348; x_wconf 87' lang='lat' dir='ltr'><strong>legimus</strong></span> <span class='ocrx_word' id='word_1_94' title='bbox 642 1257 725 1331; x_wconf 82' lang='grc' dir='ltr'>οὑτος</span> <span class='ocrx_word' id='word_1_95' title='bbox 749 1257 923 1344; x_wconf 80' lang='grc' dir='ltr'>ἐπεχείρησε</span> <span class='ocrx_word' id='word_1_96' title='bbox 953 1261 1057 1328; x_wconf 75' lang='grc' dir='ltr'>νυκτὸς</span> <span class='ocrx_word' id='word_1_97' title='bbox 1087 1252 1252 1342; x_wconf 79' lang='grc' dir='ltr'>ὑρελὲσθαι</span> <span class='ocrx_word' id='word_1_98' title='bbox 1282 1259 1396 1318; x_wconf 79' lang='grc' dir='ltr'>πάντα</span> <span class='ocrx_word' id='word_1_99' title='bbox 1426 1253 1550 1320; x_wconf 82' lang='grc' dir='ltr'>ἐκεῖνα</span> <span class='ocrx_word' id='word_1_100' title='bbox 1579 1261 1631 1324; x_wconf 77' lang='grc' dir='ltr'>καὶ</span> <span class='ocrx_word' id='word_1_101' title='bbox 1659 1252 1793 1344; x_wconf 78' lang='grc' dir='ltr'>ὑρεὶλετο</span> <span class='ocrx_word' id='word_1_102' title='bbox 1822 1259 2054 1344; x_wconf 77' lang='grc' dir='ltr'>καταβεβηκότα</span> 
     </span>
     <span class='ocr_line' id='line_1_9' title="bbox 246 1361 2053 1458; baseline -0.001 -24"><span class='ocrx_word' id='word_1_103' title='bbox 246 1370 305 1458; x_wconf 78' lang='grc' dir='ltr'><strong>ἤδη</strong></span> <span class='ocrx_word' id='word_1_104' title='bbox 328 1376 464 1456; x_wconf 65' lang='grc' dir='ltr'>τηρήσας</span> <span class='ocrx_word' id='word_1_105' title='bbox 485 1373 532 1431; x_wconf 69' lang='grc' dir='ltr'><strong>τὸν</strong></span> <span class='ocrx_word' id='word_1_106' title='bbox 557 1365 721 1450; x_wconf 70' lang='grc' dir='ltr'>ἀνδριάντα.</span> <span class='ocrx_word' id='word_1_107' title='bbox 768 1365 875 1430; x_wconf 81' lang='lat' dir='ltr'><strong>Voces</strong></span> <span class='ocrx_word' id='word_1_108' title='bbox 899 1367 993 1428; x_wconf 74' lang='grc' dir='ltr'>πάντα</span> <span class='ocrx_word' id='word_1_109' title='bbox 1017 1361 1115 1426; x_wconf 77' lang='grc' dir='ltr'>ἐκεῖνα</span> <span class='ocrx_word' id='word_1_110' title='bbox 1138 1365 1321 1448; x_wconf 88' lang='lat' dir='ltr'><strong>significant</strong></span> <span class='ocrx_word' id='word_1_111' title='bbox 1344 1385 1457 1432; x_wconf 71' lang='lat' dir='ltr'><strong>curtim</strong></span> <span class='ocrx_word' id='word_1_112' title='bbox 1481 1372 1514 1430; x_wconf 93' lang='lat' dir='ltr'><strong>et</strong></span> <span class='ocrx_word' id='word_1_113' title='bbox 1537 1373 1723 1451; x_wconf 78' lang='lat' dir='ltr'><strong>argentum,</strong></span> <span class='ocrx_word' id='word_1_114' title='bbox 1755 1367 1842 1451; x_wconf 92' lang='lat' dir='ltr'><strong>quod</strong></span> <span class='ocrx_word' id='word_1_115' title='bbox 1873 1368 1989 1454; x_wconf 88' lang='lat' dir='ltr'><strong>partim</strong></span> <span class='ocrx_word' id='word_1_116' title='bbox 2012 1367 2053 1432; x_wconf 82' lang='lat' dir='ltr'><strong>ad</strong></span> 
     </span>
     <span class='ocr_line' id='line_1_10' title="bbox 246 1471 2054 1562; baseline -0.002 -22"><span class='ocrx_word' id='word_1_117' title='bbox 246 1475 347 1562; x_wconf 88' lang='lat' dir='ltr'><strong>pedes</strong></span> <span class='ocrx_word' id='word_1_118' title='bbox 378 1481 498 1540; x_wconf 77' lang='lat' dir='ltr'><strong>statuae</strong></span> <span class='ocrx_word' id='word_1_119' title='bbox 528 1472 669 1556; x_wconf 86' lang='lat' dir='ltr'><strong>positum</strong></span> <span class='ocrx_word' id='word_1_120' title='bbox 699 1471 816 1558; x_wconf 89' lang='lat' dir='ltr'><strong>partim</strong></span> <span class='ocrx_word' id='word_1_121' title='bbox 848 1471 881 1534; x_wconf 89' lang='lat' dir='ltr'><strong>in</strong></span> <span class='ocrx_word' id='word_1_122' title='bbox 911 1490 1045 1556; x_wconf 87' lang='lat' dir='ltr'><strong>corpore</strong></span> <span class='ocrx_word' id='word_1_123' title='bbox 1075 1471 1145 1535; x_wconf 89' lang='lat' dir='ltr'><strong>eius</strong></span> <span class='ocrx_word' id='word_1_124' title='bbox 1174 1473 1308 1536; x_wconf 81' lang='lat' dir='ltr'><strong>infixum</strong></span> <span class='ocrx_word' id='word_1_125' title='bbox 1340 1481 1427 1556; x_wconf 84' lang='lat' dir='ltr'><strong>erat;</strong></span> <span class='ocrx_word' id='word_1_126' title='bbox 1463 1473 1625 1557; x_wconf 91' lang='lat' dir='ltr'><strong>quomodo</strong></span> <span class='ocrx_word' id='word_1_127' title='bbox 1660 1475 1763 1555; x_wconf 86' lang='lat' dir='ltr'><strong>igitur</strong></span> <span class='ocrx_word' id='word_1_128' title='bbox 1798 1473 1906 1538; x_wconf 89' lang='lat' dir='ltr'><strong>omnia</strong></span> <span class='ocrx_word' id='word_1_129' title='bbox 1938 1473 2054 1560; x_wconf 79' lang='lat' dir='ltr'>surripi</span> 
     </span>
     <span class='ocr_line' id='line_1_11' title="bbox 245 1575 2054 1668; baseline -0.004 -21"><span class='ocrx_word' id='word_1_130' title='bbox 245 1589 433 1668; x_wconf 82' lang='lat' dir='ltr'><strong>potueruut,</strong></span> <span class='ocrx_word' id='word_1_131' title='bbox 456 1601 528 1644; x_wconf 91' lang='lat' dir='ltr'><strong>oum</strong></span> <span class='ocrx_word' id='word_1_132' title='bbox 552 1587 663 1644; x_wconf 86' lang='lat' dir='ltr'><strong>statua</strong></span> <span class='ocrx_word' id='word_1_133' title='bbox 687 1579 817 1642; x_wconf 88' lang='lat' dir='ltr'><strong>omnino</strong></span> <span class='ocrx_word' id='word_1_134' title='bbox 842 1597 906 1642; x_wconf 88' lang='lat' dir='ltr'><strong>non</strong></span> <span class='ocrx_word' id='word_1_135' title='bbox 929 1576 1081 1643; x_wconf 80' lang='lat' dir='ltr'><strong>adesset?</strong></span> <span class='ocrx_word' id='word_1_136' title='bbox 1130 1575 1229 1643; x_wconf 87' lang='lat' dir='ltr'><strong>Simili</strong></span> <span class='ocrx_word' id='word_1_137' title='bbox 1254 1577 1351 1644; x_wconf 93' lang='lat' dir='ltr'><strong>modo</strong></span> <span class='ocrx_word' id='word_1_138' title='bbox 1375 1578 1415 1644; x_wconf 91' lang='lat' dir='ltr'><strong>de</strong></span> <span class='ocrx_word' id='word_1_139' title='bbox 1438 1599 1537 1643; x_wconf 87' lang='lat' dir='ltr'><strong>merc.</strong></span> <span class='ocrx_word' id='word_1_140' title='bbox 1560 1579 1651 1644; x_wconf 87' lang='lat' dir='ltr'><strong>cond</strong></span> <span class='ocrx_word' id='word_1_141' title='bbox 1675 1581 1718 1642; x_wconf 81' lang='lat'><strong>39</strong></span> <span class='ocrx_word' id='word_1_142' title='bbox 1747 1579 1882 1642; x_wconf 77' lang='grc' dir='ltr'>θολάκοο</span> <span class='ocrx_word' id='word_1_143' title='bbox 1906 1579 1938 1641; x_wconf 85' lang='grc' dir='ltr'><strong>δὲ</strong></span> <span class='ocrx_word' id='word_1_144' title='bbox 1962 1580 2054 1663; x_wconf 73' lang='grc' dir='ltr'>μείζω</span> 
     </span>
     <span class='ocr_line' id='line_1_12' title="bbox 246 1681 2054 1776; baseline -0.001 -24"><span class='ocrx_word' id='word_1_145' title='bbox 246 1694 297 1776; x_wconf 72' lang='grc' dir='ltr'><strong>τὴν</strong></span> <span class='ocrx_word' id='word_1_146' title='bbox 319 1691 449 1771; x_wconf 69' lang='grc' dir='ltr'>γαστέρα</span> <span class='ocrx_word' id='word_1_147' title='bbox 471 1684 683 1771; x_wconf 72' lang='grc' dir='ltr'>ἐργασάμενος,</span> <span class='ocrx_word' id='word_1_148' title='bbox 714 1682 887 1768; x_wconf 73' lang='grc' dir='ltr'>ἀπλήρωτόν</span> <span class='ocrx_word' id='word_1_149' title='bbox 909 1703 935 1744; x_wconf 81' lang='grc' dir='ltr'><strong>ιι</strong></span> <span class='ocrx_word' id='word_1_150' title='bbox 957 1685 1010 1748; x_wconf 69' lang='grc' dir='ltr'><strong>καὶ</strong></span> <span class='ocrx_word' id='word_1_151' title='bbox 1032 1681 1231 1768; x_wconf 70' lang='grc' dir='ltr'>ἀπαραίτητόν</span> <span class='ocrx_word' id='word_1_152' title='bbox 1260 1705 1286 1746; x_wconf 86' lang='grc' dir='ltr'>τι</span> <span class='ocrx_word' id='word_1_153' title='bbox 1314 1689 1408 1747; x_wconf 76' lang='grc' dir='ltr'>κακόν</span> <span class='ocrx_word' id='word_1_154' title='bbox 1438 1704 1503 1748; x_wconf 86' lang='lat' dir='ltr'><strong>non</strong></span> <span class='ocrx_word' id='word_1_155' title='bbox 1532 1684 1692 1771; x_wconf 79' lang='lat' dir='ltr'><strong>quadrant</strong></span> <span class='ocrx_word' id='word_1_156' title='bbox 1722 1686 1762 1750; x_wconf 85' lang='lat' dir='ltr'><strong>ad</strong></span> <span class='ocrx_word' id='word_1_157' title='bbox 1792 1706 1831 1750; x_wconf 87' lang='lat' dir='ltr'><strong>ea</strong></span> <span class='ocrx_word' id='word_1_158' title='bbox 1861 1705 1932 1769; x_wconf 73' lang='lat' dir='ltr'><strong>quae</strong></span> <span class='ocrx_word' id='word_1_159' title='bbox 1963 1692 2054 1750; x_wconf 84' lang='lat' dir='ltr'><strong>aute·</strong></span> 
     </span>
     <span class='ocr_line' id='line_1_13' title="bbox 247 1789 2054 1883; baseline -0.003 -22"><span class='ocrx_word' id='word_1_160' title='bbox 247 1795 374 1876; x_wconf 89' lang='lat' dir='ltr'><strong>cedunt,</strong></span> <span class='ocrx_word' id='word_1_161' title='bbox 396 1796 550 1883; x_wconf 86' lang='lat' dir='ltr'><strong>quoniam</strong></span> <span class='ocrx_word' id='word_1_162' title='bbox 571 1814 669 1880; x_wconf 92' lang='lat' dir='ltr'><strong>supra</strong></span> <span class='ocrx_word' id='word_1_163' title='bbox 683 1793 727 1872; x_wconf 82' lang='lat' dir='ltr'><strong>(c.</strong></span> <span class='ocrx_word' id='word_1_164' title='bbox 743 1793 802 1871; x_wconf 71' lang='lat'><strong>29)</strong></span> <span class='ocrx_word' id='word_1_165' title='bbox 824 1791 944 1856; x_wconf 89' lang='lat' dir='ltr'><strong>dictum</strong></span> <span class='ocrx_word' id='word_1_166' title='bbox 968 1801 1019 1855; x_wconf 90' lang='lat' dir='ltr'><strong>est</strong></span> <span class='ocrx_word' id='word_1_167' title='bbox 1041 1790 1280 1877; x_wconf 88' lang='lat' dir='ltr'><strong>philosophum,</strong></span> <span class='ocrx_word' id='word_1_168' title='bbox 1303 1789 1343 1855; x_wconf 93' lang='lat' dir='ltr'><strong>de</strong></span> <span class='ocrx_word' id='word_1_169' title='bbox 1366 1811 1431 1876; x_wconf 89' lang='lat' dir='ltr'><strong>quo</strong></span> <span class='ocrx_word' id='word_1_170' title='bbox 1455 1790 1580 1870; x_wconf 86' lang='lat' dir='ltr'><strong>dicitur,</strong></span> <span class='ocrx_word' id='word_1_171' title='bbox 1603 1811 1668 1857; x_wconf 93' lang='lat' dir='ltr'><strong>nou</strong></span> <span class='ocrx_word' id='word_1_172' title='bbox 1691 1794 1771 1858; x_wconf 85' lang='lat' dir='ltr'><strong>satis</strong></span> <span class='ocrx_word' id='word_1_173' title='bbox 1794 1792 1858 1857; x_wconf 87' lang='lat' dir='ltr'><strong>cibi</strong></span> <span class='ocrx_word' id='word_1_174' title='bbox 1880 1792 2054 1878; x_wconf 87' lang='lat' dir='ltr'><strong>accepisse.</strong></span> 
     </span>
     <span class='ocr_line' id='line_1_14' title="bbox 246 1891 2054 1984; baseline -0.006 -16"><span class='ocrx_word' id='word_1_175' title='bbox 246 1901 333 1968; x_wconf 86' lang='lat' dir='ltr'><strong>Disl.</strong></span> <span class='ocrx_word' id='word_1_176' title='bbox 355 1911 483 1968; x_wconf 87' lang='lat' dir='ltr'><strong>meretr.</strong></span> <span class='ocrx_word' id='word_1_177' title='bbox 512 1904 559 1980; x_wconf 81' lang='lat'><strong>15,</strong></span> <span class='ocrx_word' id='word_1_178' title='bbox 587 1905 600 1964; x_wconf 90' lang='lat'>1</span> <span class='ocrx_word' id='word_1_179' title='bbox 627 1898 748 1982; x_wconf 88' lang='lat' dir='ltr'><strong>legitur</strong></span> <span class='ocrx_word' id='word_1_180' title='bbox 770 1893 843 1958; x_wconf 81' lang='grc' dir='ltr'>ὥστε</span> <span class='ocrx_word' id='word_1_181' title='bbox 867 1891 923 1958; x_wconf 80' lang='grc' dir='ltr'>οὑκ</span> <span class='ocrx_word' id='word_1_182' title='bbox 945 1894 1012 1958; x_wconf 79' lang='grc' dir='ltr'>οῖδα</span> <span class='ocrx_word' id='word_1_183' title='bbox 1035 1893 1061 1958; x_wconf 79' lang='grc' dir='ltr'><strong>εἰ</strong></span> <span class='ocrx_word' id='word_1_184' title='bbox 1089 1899 1225 1977; x_wconf 74' lang='grc' dir='ltr'><strong>βιώσεται</strong></span> <span class='ocrx_word' id='word_1_185' title='bbox 1255 1893 1271 1958; x_wconf 80' lang='grc' dir='ltr'>ὁ</span> <span class='ocrx_word' id='word_1_186' title='bbox 1300 1895 1459 1978; x_wconf 77' lang='grc' dir='ltr'>ἄνθρωπος</span> <span class='ocrx_word' id='word_1_187' title='bbox 1490 1905 1523 1962; x_wconf 92' lang='lat' dir='ltr'><strong>et</strong></span> <span class='ocrx_word' id='word_1_188' title='bbox 1551 1898 1650 1984; x_wconf 89' lang='lat' dir='ltr'><strong>paulo</strong></span> <span class='ocrx_word' id='word_1_189' title='bbox 1680 1899 1764 1964; x_wconf 84' lang='lat' dir='ltr'><strong>inira</strong></span> <span class='ocrx_word' id='word_1_190' title='bbox 1792 1919 1818 1964; x_wconf 91' lang='lat' dir='ltr'><strong>e.</strong></span> <span class='ocrx_word' id='word_1_191' title='bbox 1843 1901 1862 1963; x_wconf 88' lang='grc'><strong>2</strong></span> <span class='ocrx_word' id='word_1_192' title='bbox 1892 1895 2054 1982; x_wconf 78' lang='grc' dir='ltr'>ἀπέρχεται</span> 
     </span>
     <span class='ocr_line' id='line_1_15' title="bbox 246 1999 2053 2090; baseline -0.002 -19"><span class='ocrx_word' id='word_1_193' title='bbox 246 2008 280 2071; x_wconf 84' lang='grc' dir='ltr'><strong>δὲ</strong></span> <span class='ocrx_word' id='word_1_194' title='bbox 307 2011 360 2071; x_wconf 79' lang='grc' dir='ltr'>καὶ</span> <span class='ocrx_word' id='word_1_195' title='bbox 389 2005 406 2070; x_wconf 88' lang='grc' dir='ltr'>ὁ</span> <span class='ocrx_word' id='word_1_196' title='bbox 434 2011 565 2090; x_wconf 69' lang='grc' dir='ltr'>γεωργὸς</span> <span class='ocrx_word' id='word_1_197' title='bbox 593 2001 738 2090; x_wconf 69' lang='grc' dir='ltr'>ὀψόμενός</span> <span class='ocrx_word' id='word_1_198' title='bbox 765 2025 844 2074; x_wconf 81' lang='grc' dir='ltr'>τινας</span> <span class='ocrx_word' id='word_1_199' title='bbox 871 2005 974 2089; x_wconf 80' lang='grc' dir='ltr'>ρἰλοὺς</span> <span class='ocrx_word' id='word_1_200' title='bbox 1001 2012 1057 2065; x_wconf 79' lang='grc' dir='ltr'><strong>τῶν</strong></span> <span class='ocrx_word' id='word_1_201' title='bbox 1089 1999 1223 2076; x_wconf 78' lang='grc' dir='ltr'>ἀστικῶν,</span> <span class='ocrx_word' id='word_1_202' title='bbox 1256 2002 1284 2066; x_wconf 82' lang='grc' dir='ltr'>οἳ</span> <span class='ocrx_word' id='word_1_203' title='bbox 1314 2001 1525 2084; x_wconf 72' lang='grc' dir='ltr'>παραδώσουσι</span> <span class='ocrx_word' id='word_1_204' title='bbox 1548 2012 1608 2074; x_wconf 84' lang='grc' dir='ltr'>τοῖς</span> <span class='ocrx_word' id='word_1_205' title='bbox 1632 2011 1805 2086; x_wconf 73' lang='grc' dir='ltr'>προσανεῦσι</span> <span class='ocrx_word' id='word_1_206' title='bbox 1827 2008 1875 2066; x_wconf 81' lang='grc' dir='ltr'><strong>τὀν</strong></span> <span class='ocrx_word' id='word_1_207' title='bbox 1899 2001 2053 2088; x_wconf 70' lang='grc' dir='ltr'>Μεγαρέα,</span> 
     </span>
     <span class='ocr_line' id='line_1_16' title="bbox 248 2108 2053 2201; baseline -0.002 -21"><span class='ocrx_word' id='word_1_208' title='bbox 248 2116 328 2191; x_wconf 81' lang='lat' dir='ltr'><strong>Quae</strong></span> <span class='ocrx_word' id='word_1_209' title='bbox 351 2135 546 2201; x_wconf 87' lang='lat' dir='ltr'><strong>quamquam</strong></span> <span class='ocrx_word' id='word_1_210' title='bbox 569 2113 655 2176; x_wconf 88' lang='lat' dir='ltr'><strong>inter</strong></span> <span class='ocrx_word' id='word_1_211' title='bbox 677 2131 713 2176; x_wconf 92' lang='lat' dir='ltr'><strong>se</strong></span> <span class='ocrx_word' id='word_1_212' title='bbox 737 2108 928 2196; x_wconf 86' lang='lat' dir='ltr'><strong>discrepant,</strong></span> <span class='ocrx_word' id='word_1_213' title='bbox 952 2117 1060 2174; x_wconf 90' lang='lat' dir='ltr'><strong>tamen</strong></span> <span class='ocrx_word' id='word_1_214' title='bbox 1084 2109 1125 2174; x_wconf 86' lang='lat' dir='ltr'><strong>ad</strong></span> <span class='ocrx_word' id='word_1_215' title='bbox 1147 2109 1285 2174; x_wconf 89' lang='lat' dir='ltr'><strong>eundem</strong></span> <span class='ocrx_word' id='word_1_216' title='bbox 1308 2109 1471 2174; x_wconf 89' lang='lat' dir='ltr'><strong>homiuem</strong></span> <span class='ocrx_word' id='word_1_217' title='bbox 1485 2112 1658 2196; x_wconf 90' lang='lat' dir='ltr'><strong>pertinent.</strong></span> <span class='ocrx_word' id='word_1_218' title='bbox 1694 2111 1812 2176; x_wconf 81' lang='lat' dir='ltr'><strong>Aliorri</strong></span> <span class='ocrx_word' id='word_1_219' title='bbox 1826 2111 1926 2176; x_wconf 89' lang='lat' dir='ltr'><strong>etiam</strong></span> <span class='ocrx_word' id='word_1_220' title='bbox 1940 2119 2053 2196; x_wconf 85' lang='lat' dir='ltr'><strong>potest</strong></span> 
     </span>
     <span class='ocr_line' id='line_1_17' title="bbox 247 2209 2054 2304; baseline -0.004 -15"><span class='ocrx_word' id='word_1_221' title='bbox 247 2223 331 2289; x_wconf 87' lang='lat' dir='ltr'><strong>Dial.</strong></span> <span class='ocrx_word' id='word_1_222' title='bbox 355 2229 449 2288; x_wconf 88' lang='lat' dir='ltr'><strong>mort.</strong></span> <span class='ocrx_word' id='word_1_223' title='bbox 475 2222 504 2304; x_wconf 79' lang='lat' dir='ltr'><strong>l,</strong></span> <span class='ocrx_word' id='word_1_224' title='bbox 529 2223 548 2282; x_wconf 84' lang='lat'>2</span> <span class='ocrx_word' id='word_1_225' title='bbox 572 2217 671 2282; x_wconf 82' lang='lat' dir='ltr'><strong>rerba</strong></span> <span class='ocrx_word' id='word_1_226' title='bbox 695 2214 752 2298; x_wconf 66' lang='grc' dir='ltr'><strong>ἐγὼ</strong></span> <span class='ocrx_word' id='word_1_227' title='bbox 775 2215 808 2277; x_wconf 82' lang='grc' dir='ltr'><strong>δὲ</strong></span> <span class='ocrx_word' id='word_1_228' title='bbox 832 2211 938 2278; x_wconf 68' lang='grc' dir='ltr'>αὐτίκα</span> <span class='ocrx_word' id='word_1_229' title='bbox 961 2217 1044 2300; x_wconf 72' lang='grc' dir='ltr'>μάλα</span> <span class='ocrx_word' id='word_1_230' title='bbox 1068 2213 1192 2302; x_wconf 71' lang='grc' dir='ltr'>ἐκτάδην</span> <span class='ocrx_word' id='word_1_231' title='bbox 1216 2213 1335 2300; x_wconf 73' lang='grc' dir='ltr'>ἐκείμην</span> <span class='ocrx_word' id='word_1_232' title='bbox 1358 2209 1575 2300; x_wconf 66' lang='grc' dir='ltr'>ὑποβολιμαῖος</span> <span class='ocrx_word' id='word_1_233' title='bbox 1597 2211 1656 2278; x_wconf 74' lang='grc' dir='ltr'>ἀντ’</span> <span class='ocrx_word' id='word_1_234' title='bbox 1675 2213 1786 2280; x_wconf 79' lang='grc' dir='ltr'>ἐκείνου</span> <span class='ocrx_word' id='word_1_235' title='bbox 1809 2221 1913 2300; x_wconf 78' lang='grc' dir='ltr'>νεκρός</span> <span class='ocrx_word' id='word_1_236' title='bbox 1935 2237 2054 2304; x_wconf 89' lang='lat' dir='ltr'><strong>repug-</strong></span> 
     </span>
     <span class='ocr_line' id='line_1_18' title="bbox 246 2321 2053 2412; baseline -0.003 -18"><span class='ocrx_word' id='word_1_237' title='bbox 246 2351 324 2396; x_wconf 87' lang='lat' dir='ltr'><strong>nare</strong></span> <span class='ocrx_word' id='word_1_238' title='bbox 346 2327 569 2412; x_wconf 88' lang='lat' dir='ltr'><strong>sequentibus,</strong></span> <span class='ocrx_word' id='word_1_239' title='bbox 604 2325 721 2411; x_wconf 84' lang='lat' dir='ltr'><strong>quibua</strong></span> <span class='ocrx_word' id='word_1_240' title='bbox 745 2324 773 2388; x_wconf 84' lang='lat' dir='ltr'><strong>is</strong></span> <span class='ocrx_word' id='word_1_241' title='bbox 797 2323 852 2406; x_wconf 93' lang='lat' dir='ltr'><strong>qui</strong></span> <span class='ocrx_word' id='word_1_242' title='bbox 875 2343 1002 2386; x_wconf 81' lang='lat' dir='ltr'><strong>veneno</strong></span> <span class='ocrx_word' id='word_1_243' title='bbox 1026 2330 1162 2388; x_wconf 88' lang='lat' dir='ltr'><strong>necatus</strong></span> <span class='ocrx_word' id='word_1_244' title='bbox 1186 2333 1237 2387; x_wconf 90' lang='lat' dir='ltr'><strong>est</strong></span> <span class='ocrx_word' id='word_1_245' title='bbox 1259 2329 1378 2404; x_wconf 85' lang='lat' dir='ltr'><strong>narrat,</strong></span> <span class='ocrx_word' id='word_1_246' title='bbox 1408 2343 1480 2408; x_wconf 80' lang='lat' dir='ltr'><strong>quas</strong></span> <span class='ocrx_word' id='word_1_247' title='bbox 1512 2333 1587 2406; x_wconf 89' lang='lat' dir='ltr'><strong>post</strong></span> <span class='ocrx_word' id='word_1_248' title='bbox 1617 2331 1759 2389; x_wconf 89' lang='lat' dir='ltr'><strong>mortem</strong></span> <span class='ocrx_word' id='word_1_249' title='bbox 1788 2324 1820 2388; x_wconf 89' lang='lat' dir='ltr'><strong>in</strong></span> <span class='ocrx_word' id='word_1_250' title='bbox 1849 2333 1939 2389; x_wconf 87' lang='lat' dir='ltr'><strong>terra</strong></span> <span class='ocrx_word' id='word_1_251' title='bbox 1968 2321 2053 2388; x_wconf 85' lang='lat' dir='ltr'><strong>laeta</strong></span> 
     </span>
     <span class='ocr_line' id='line_1_19' title="bbox 247 2427 2054 2515; baseline -0.004 -14"><span class='ocrx_word' id='word_1_252' title='bbox 247 2445 332 2502; x_wconf 79' lang='lat' dir='ltr'><strong>suut</strong></span> <span class='ocrx_word' id='word_1_253' title='bbox 355 2471 394 2482; x_wconf 92' lang='lat'>-</span> <span class='ocrx_word' id='word_1_254' title='bbox 421 2435 501 2509; x_wconf 73' lang='lat' dir='ltr'><strong>Quae</strong></span> <span class='ocrx_word' id='word_1_255' title='bbox 524 2455 596 2498; x_wconf 91' lang='lat' dir='ltr'><strong>cum</strong></span> <span class='ocrx_word' id='word_1_256' title='bbox 619 2434 667 2497; x_wconf 91' lang='lat' dir='ltr'><strong>ita</strong></span> <span class='ocrx_word' id='word_1_257' title='bbox 689 2431 763 2512; x_wconf 82' lang='lat' dir='ltr'><strong>sint,</strong></span> <span class='ocrx_word' id='word_1_258' title='bbox 788 2449 852 2493; x_wconf 91' lang='lat' dir='ltr'><strong>non</strong></span> <span class='ocrx_word' id='word_1_259' title='bbox 875 2439 926 2493; x_wconf 91' lang='lat' dir='ltr'><strong>est</strong></span> <span class='ocrx_word' id='word_1_260' title='bbox 951 2428 1038 2513; x_wconf 92' lang='lat' dir='ltr'><strong>quod</strong></span> <span class='ocrx_word' id='word_1_261' title='bbox 1062 2429 1209 2494; x_wconf 84' lang='lat' dir='ltr'><strong>oll&#39;endas</strong></span> <span class='ocrx_word' id='word_1_262' title='bbox 1232 2450 1260 2492; x_wconf 91' lang='lat' dir='ltr'><strong>c.</strong></span> <span class='ocrx_word' id='word_1_263' title='bbox 1284 2431 1326 2492; x_wconf 81' lang='lat'><strong>39</strong></span> <span class='ocrx_word' id='word_1_264' title='bbox 1350 2429 1455 2494; x_wconf 81' lang='lat' dir='ltr'><strong>verbis</strong></span> <span class='ocrx_word' id='word_1_265' title='bbox 1479 2431 1605 2500; x_wconf 74' lang='grc' dir='ltr'>καὶτὰς</span> <span class='ocrx_word' id='word_1_266' title='bbox 1637 2427 1755 2515; x_wconf 72' lang='grc' dir='ltr'>ἁμάξας</span> <span class='ocrx_word' id='word_1_267' title='bbox 1784 2430 2054 2515; x_wconf 76' lang='grc' dir='ltr'>κατελαμβάνοντο,</span> 
     </span>
     <span class='ocr_line' id='line_1_20' title="bbox 248 2535 2053 2627; baseline -0.001 -23"><span class='ocrx_word' id='word_1_268' title='bbox 248 2539 427 2627; x_wconf 74' lang='grc' dir='ltr'>αὐτάνδρους</span> <span class='ocrx_word' id='word_1_269' title='bbox 450 2543 502 2611; x_wconf 83' lang='grc' dir='ltr'><strong>τὰς</strong></span> <span class='ocrx_word' id='word_1_270' title='bbox 524 2542 664 2610; x_wconf 79' lang='grc' dir='ltr'>πλείστας</span> <span class='ocrx_word' id='word_1_271' title='bbox 687 2535 895 2622; x_wconf 73' lang='grc' dir='ltr'>ἁλισκομένας.</span> <span class='ocrx_word' id='word_1_272' title='bbox 933 2535 1037 2600; x_wconf 89' lang='lat' dir='ltr'><strong>Paulo</strong></span> <span class='ocrx_word' id='word_1_273' title='bbox 1061 2558 1159 2624; x_wconf 89' lang='lat' dir='ltr'><strong>supra</strong></span> <span class='ocrx_word' id='word_1_274' title='bbox 1174 2536 1301 2622; x_wconf 90' lang='lat' dir='ltr'><strong>quidem</strong></span> <span class='ocrx_word' id='word_1_275' title='bbox 1324 2545 1492 2602; x_wconf 88' lang='lat' dir='ltr'><strong>narratum</strong></span> <span class='ocrx_word' id='word_1_276' title='bbox 1515 2543 1568 2602; x_wconf 84' lang='lat' dir='ltr'><strong>est</strong></span> <span class='ocrx_word' id='word_1_277' title='bbox 1584 2538 1667 2603; x_wconf 83' lang='lat' dir='ltr'><strong>viros</strong></span> <span class='ocrx_word' id='word_1_278' title='bbox 1682 2538 1839 2622; x_wconf 87' lang='lat' dir='ltr'><strong>militares</strong></span> <span class='ocrx_word' id='word_1_279' title='bbox 1857 2546 1913 2602; x_wconf 87' lang='lat' dir='ltr'><strong>aut</strong></span> <span class='ocrx_word' id='word_1_280' title='bbox 1930 2538 2053 2602; x_wconf 88' lang='lat' dir='ltr'><strong>occisos</strong></span> 
     </span>
     <span class='ocr_line' id='line_1_21' title="bbox 247 2643 2052 2734; baseline -0.004 -17"><span class='ocrx_word' id='word_1_281' title='bbox 247 2658 306 2717; x_wconf 92' lang='lat' dir='ltr'><strong>aut</strong></span> <span class='ocrx_word' id='word_1_282' title='bbox 328 2652 420 2716; x_wconf 82' lang='lat' dir='ltr'><strong>viros</strong></span> <span class='ocrx_word' id='word_1_283' title='bbox 442 2655 556 2734; x_wconf 86' lang='lat' dir='ltr'><strong>captos</strong></span> <span class='ocrx_word' id='word_1_284' title='bbox 581 2667 654 2712; x_wconf 86' lang='lat' dir='ltr'><strong>esse</strong></span> <span class='ocrx_word' id='word_1_285' title='bbox 676 2651 794 2732; x_wconf 72' lang='lat' dir='ltr'><strong>practer</strong></span> <span class='ocrx_word' id='word_1_286' title='bbox 816 2643 1000 2720; x_wconf 88' lang='lat' dir='ltr'><strong>nonnullos,</strong></span> <span class='ocrx_word' id='word_1_287' title='bbox 1031 2643 1086 2727; x_wconf 93' lang='lat' dir='ltr'><strong>qui</strong></span> <span class='ocrx_word' id='word_1_288' title='bbox 1113 2645 1234 2708; x_wconf 90' lang='lat' dir='ltr'><strong>flumen</strong></span> <span class='ocrx_word' id='word_1_289' title='bbox 1257 2645 1498 2710; x_wconf 86' lang='lat' dir='ltr'><strong>transnatariut.</strong></span> <span class='ocrx_word' id='word_1_290' title='bbox 1545 2645 1652 2719; x_wconf 88' lang='lat' dir='ltr'><strong>Quem</strong></span> <span class='ocrx_word' id='word_1_291' title='bbox 1680 2646 1787 2711; x_wconf 89' lang='lat' dir='ltr'><strong>locum</strong></span> <span class='ocrx_word' id='word_1_292' title='bbox 1820 2644 1861 2710; x_wconf 86' lang='lat' dir='ltr'><strong>G.</strong></span> <span class='ocrx_word' id='word_1_293' title='bbox 1888 2665 1987 2732; x_wconf 82' lang='lat' dir='ltr'><strong>pagg.</strong></span> <span class='ocrx_word' id='word_1_294' title='bbox 2012 2647 2052 2710; x_wconf 76' lang='lat' dir='ltr'><strong>at</strong></span> 
     </span>
     <span class='ocr_line' id='line_1_22' title="bbox 249 2761 502 2824; baseline -0.02 0"><span class='ocrx_word' id='word_1_295' title='bbox 249 2767 283 2824; x_wconf 90' lang='lat' dir='ltr'><strong>et</strong></span> <span class='ocrx_word' id='word_1_296' title='bbox 306 2761 349 2824; x_wconf 83' lang='lat'><strong>28</strong></span> <span class='ocrx_word' id='word_1_297' title='bbox 373 2763 502 2822; x_wconf 86' lang='lat' dir='ltr'><strong>tractat.</strong></span> 
     </span>
    </p>

    <p class='ocr_par' dir='ltr' id='par_1_3' title="bbox 248 2855 2052 3472">
     <span class='ocr_line' id='line_1_23' title="bbox 406 2855 2051 2943; baseline -0.004 -15"><span class='ocrx_word' id='word_1_298' title='bbox 406 2861 445 2928; x_wconf 89' lang='lat' dir='ltr'><strong>P.</strong></span> <span class='ocrx_word' id='word_1_299' title='bbox 472 2865 514 2926; x_wconf 80' lang='lat'><strong>26</strong></span> <span class='ocrx_word' id='word_1_300' title='bbox 550 2860 589 2925; x_wconf 90' lang='lat' dir='ltr'><strong>G.</strong></span> <span class='ocrx_word' id='word_1_301' title='bbox 621 2859 714 2924; x_wconf 90' lang='lat' dir='ltr'><strong>dicit:</strong></span> <span class='ocrx_word' id='word_1_302' title='bbox 753 2856 952 2942; x_wconf 81' lang='lat' dir='ltr'><strong>„quaestione</strong></span> <span class='ocrx_word' id='word_1_303' title='bbox 983 2864 1095 2920; x_wconf 90' lang='lat' dir='ltr'><strong>autem</strong></span> <span class='ocrx_word' id='word_1_304' title='bbox 1125 2855 1244 2940; x_wconf 88' lang='lat' dir='ltr'><strong>habita,</strong></span> <span class='ocrx_word' id='word_1_305' title='bbox 1274 2858 1446 2923; x_wconf 88' lang='lat' dir='ltr'><strong>tormentis</strong></span> <span class='ocrx_word' id='word_1_306' title='bbox 1478 2859 1580 2923; x_wconf 76' lang='lat' dir='ltr'><strong>servis</strong></span> <span class='ocrx_word' id='word_1_307' title='bbox 1611 2859 1841 2943; x_wconf 75' lang='lat' dir='ltr'><strong>interrogatur.</strong></span> <span class='ocrx_word' id='word_1_308' title='bbox 1886 2855 1951 2923; x_wconf 82' lang='lat' dir='ltr'><strong>Sed</strong></span> <span class='ocrx_word' id='word_1_309' title='bbox 1975 2857 2051 2942; x_wconf 92' lang='lat' dir='ltr'><strong>quid</strong></span> 
     </span>
     <span class='ocr_line' id='line_1_24' title="bbox 249 2961 2052 3058; baseline -0.004 -21"><span class='ocrx_word' id='word_1_310' title='bbox 249 2992 331 3058; x_wconf 90' lang='lat' dir='ltr'><strong>opus</strong></span> <span class='ocrx_word' id='word_1_311' title='bbox 355 2967 629 3046; x_wconf 78' lang='lat' dir='ltr'><strong>erattormentis,</strong></span> <span class='ocrx_word' id='word_1_312' title='bbox 662 2986 733 3030; x_wconf 92' lang='lat' dir='ltr'><strong>cum</strong></span> <span class='ocrx_word' id='word_1_313' title='bbox 764 2983 876 3028; x_wconf 79' lang='lat' dir='ltr'><strong>servus</strong></span> <span class='ocrx_word' id='word_1_314' title='bbox 906 2961 1020 3028; x_wconf 89' lang='lat' dir='ltr'><strong>herum</strong></span> <span class='ocrx_word' id='word_1_315' title='bbox 1047 2963 1177 3028; x_wconf 85' lang='lat' dir='ltr'><strong>affinem</strong></span> <span class='ocrx_word' id='word_1_316' title='bbox 1207 2983 1280 3029; x_wconf 85' lang='lat' dir='ltr'><strong>esse</strong></span> <span class='ocrx_word' id='word_1_317' title='bbox 1309 2965 1437 3029; x_wconf 90' lang='lat' dir='ltr'><strong>sceleris</strong></span> <span class='ocrx_word' id='word_1_318' title='bbox 1468 2987 1531 3030; x_wconf 91' lang='lat' dir='ltr'><strong>non</strong></span> <span class='ocrx_word' id='word_1_319' title='bbox 1562 2965 1705 3030; x_wconf 82' lang='lat' dir='ltr'><strong>diceret?</strong></span> <span class='ocrx_word' id='word_1_320' title='bbox 1750 2966 1919 3030; x_wconf 81' lang='lat' dir='ltr'><strong>Faciamus</strong></span> <span class='ocrx_word' id='word_1_321' title='bbox 1943 2973 2052 3030; x_wconf 88' lang='lat' dir='ltr'><strong>tamon</strong></span> 
     </span>
     <span class='ocr_line' id='line_1_25' title="bbox 248 3071 2051 3162; baseline -0.003 -18"><span class='ocrx_word' id='word_1_322' title='bbox 248 3077 453 3162; x_wconf 79' lang='lat' dir='ltr'><strong>Antiphilam</strong></span> <span class='ocrx_word' id='word_1_323' title='bbox 475 3075 559 3140; x_wconf 89' lang='lat' dir='ltr'><strong>lalso</strong></span> <span class='ocrx_word' id='word_1_324' title='bbox 583 3073 806 3138; x_wconf 86' lang='lat' dir='ltr'><strong>insimulatum</strong></span> <span class='ocrx_word' id='word_1_325' title='bbox 830 3089 912 3152; x_wconf 89' lang='lat' dir='ltr'><strong>esse,</strong></span> <span class='ocrx_word' id='word_1_326' title='bbox 937 3089 1044 3133; x_wconf 90' lang='lat' dir='ltr'><strong>norme</strong></span> <span class='ocrx_word' id='word_1_327' title='bbox 1067 3089 1179 3134; x_wconf 84' lang='lat' dir='ltr'><strong>servus</strong></span> <span class='ocrx_word' id='word_1_328' title='bbox 1195 3071 1365 3136; x_wconf 86' lang='lat' dir='ltr'><strong>tormentis</strong></span> <span class='ocrx_word' id='word_1_329' title='bbox 1381 3072 1562 3156; x_wconf 89' lang='lat' dir='ltr'><strong>conspectis</strong></span> <span class='ocrx_word' id='word_1_330' title='bbox 1581 3073 1692 3136; x_wconf 85' lang='lat' dir='ltr'><strong>statim</strong></span> <span class='ocrx_word' id='word_1_331' title='bbox 1708 3072 1822 3138; x_wconf 88' lang='lat' dir='ltr'><strong>herum</strong></span> <span class='ocrx_word' id='word_1_332' title='bbox 1846 3075 2051 3138; x_wconf 88' lang='lat' dir='ltr'><strong>innocentem</strong></span> 
     </span>
     <span class='ocr_line' id='line_1_26' title="bbox 248 3175 2052 3264; baseline -0.002 -16"><span class='ocrx_word' id='word_1_333' title='bbox 248 3205 323 3252; x_wconf 90' lang='lat' dir='ltr'><strong>esse</strong></span> <span class='ocrx_word' id='word_1_334' title='bbox 344 3185 515 3248; x_wconf 82' lang='lat' dir='ltr'><strong>coufessus</strong></span> <span class='ocrx_word' id='word_1_335' title='bbox 539 3187 638 3246; x_wconf 86' lang='lat' dir='ltr'><strong>esset.</strong></span> <span class='ocrx_word' id='word_1_336' title='bbox 685 3177 792 3242; x_wconf 88' lang='lat' dir='ltr'><strong>llIulta</strong></span> <span class='ocrx_word' id='word_1_337' title='bbox 813 3179 875 3242; x_wconf 87' lang='lat' dir='ltr'><strong>iam</strong></span> <span class='ocrx_word' id='word_1_338' title='bbox 899 3175 1038 3240; x_wconf 86' lang='lat' dir='ltr'><strong>absurda</strong></span> <span class='ocrx_word' id='word_1_339' title='bbox 1060 3177 1135 3261; x_wconf 84' lang='lat' dir='ltr'><strong>legi,</strong></span> <span class='ocrx_word' id='word_1_340' title='bbox 1159 3175 1349 3242; x_wconf 77' lang='lat' dir='ltr'><strong>absurdiora</strong></span> <span class='ocrx_word' id='word_1_341' title='bbox 1370 3197 1466 3264; x_wconf 89' lang='lat' dir='ltr'><strong>quam</strong></span> <span class='ocrx_word' id='word_1_342' title='bbox 1489 3177 1558 3242; x_wconf 82' lang='lat' dir='ltr'><strong>haec</strong></span> <span class='ocrx_word' id='word_1_343' title='bbox 1579 3179 1647 3262; x_wconf 89' lang='lat' dir='ltr'><strong>legi</strong></span> <span class='ocrx_word' id='word_1_344' title='bbox 1669 3179 1792 3245; x_wconf 82' lang='lat' dir='ltr'><strong>uulla‘.</strong></span> <span class='ocrx_word' id='word_1_345' title='bbox 1830 3177 1895 3244; x_wconf 86' lang='lat' dir='ltr'><strong>Sed</strong></span> <span class='ocrx_word' id='word_1_346' title='bbox 1918 3179 2052 3244; x_wconf 87' lang='lat' dir='ltr'><strong>minimo</strong></span> 
     </span>
     <span class='ocr_line' id='line_1_27' title="bbox 248 3281 2051 3369; baseline -0.002 -15"><span class='ocrx_word' id='word_1_347' title='bbox 248 3289 390 3354; x_wconf 90' lang='lat' dir='ltr'><strong>absurda</strong></span> <span class='ocrx_word' id='word_1_348' title='bbox 413 3287 481 3352; x_wconf 81' lang='lat' dir='ltr'><strong>haec</strong></span> <span class='ocrx_word' id='word_1_349' title='bbox 503 3295 587 3366; x_wconf 83' lang='lat' dir='ltr'><strong>sunt,</strong></span> <span class='ocrx_word' id='word_1_350' title='bbox 611 3287 762 3369; x_wconf 91' lang='lat' dir='ltr'><strong>quoniam</strong></span> <span class='ocrx_word' id='word_1_351' title='bbox 787 3283 890 3348; x_wconf 72' lang='lat' dir='ltr'><strong>Graeci</strong></span> <span class='ocrx_word' id='word_1_352' title='bbox 914 3302 1026 3346; x_wconf 81' lang='lat' dir='ltr'><strong>servos</strong></span> <span class='ocrx_word' id='word_1_353' title='bbox 1049 3283 1082 3345; x_wconf 92' lang='lat' dir='ltr'><strong>in</strong></span> <span class='ocrx_word' id='word_1_354' title='bbox 1105 3281 1230 3348; x_wconf 91' lang='lat' dir='ltr'><strong>iudiciis</strong></span> <span class='ocrx_word' id='word_1_355' title='bbox 1255 3285 1425 3349; x_wconf 89' lang='lat' dir='ltr'><strong>tormentis</strong></span> <span class='ocrx_word' id='word_1_356' title='bbox 1457 3283 1534 3349; x_wconf 91' lang='lat' dir='ltr'><strong>dare</strong></span> <span class='ocrx_word' id='word_1_357' title='bbox 1562 3284 1723 3350; x_wconf 88' lang='lat' dir='ltr'><strong>solebant.</strong></span> <span class='ocrx_word' id='word_1_358' title='bbox 1767 3285 1833 3366; x_wconf 82' lang='lat' dir='ltr'><strong>(cf.</strong></span> <span class='ocrx_word' id='word_1_359' title='bbox 1858 3285 1961 3351; x_wconf 82' lang='lat' dir='ltr'><strong>Maior</strong></span> <span class='ocrx_word' id='word_1_360' title='bbox 1983 3285 2051 3352; x_wconf 88' lang='lat' dir='ltr'><strong>und</strong></span> 
     </span>
     <span class='ocr_line' id='line_1_28' title="bbox 250 3389 891 3472; baseline -0.008 -12"><span class='ocrx_word' id='word_1_361' title='bbox 250 3395 451 3472; x_wconf 77' lang='lat' dir='ltr'><strong>Schoemaun,</strong></span> <span class='ocrx_word' id='word_1_362' title='bbox 477 3395 640 3460; x_wconf 81' lang='lat' dir='ltr'><strong>Attischer</strong></span> <span class='ocrx_word' id='word_1_363' title='bbox 662 3389 823 3472; x_wconf 77' lang='lat' dir='ltr'><strong>Process).</strong></span> <span class='ocrx_word' id='word_1_364' title='bbox 846 3423 891 3438; x_wconf 90' lang='lat'>-</span> 
     </span>
    </p>

    <p class='ocr_par' dir='ltr' id='par_1_4' title="bbox 248 3491 2051 3907">
     <span class='ocr_line' id='line_1_29' title="bbox 408 3491 2051 3587; baseline -0.002 -19"><span class='ocrx_word' id='word_1_365' title='bbox 408 3503 444 3570; x_wconf 84' lang='lat' dir='ltr'><strong>C.</strong></span> <span class='ocrx_word' id='word_1_366' title='bbox 469 3506 510 3568; x_wconf 88' lang='lat'><strong>38</strong></span> <span class='ocrx_word' id='word_1_367' title='bbox 539 3503 752 3587; x_wconf 81' lang='lat' dir='ltr'><strong>neglegenter</strong></span> <span class='ocrx_word' id='word_1_368' title='bbox 781 3498 901 3561; x_wconf 89' lang='lat' dir='ltr'><strong>dictum</strong></span> <span class='ocrx_word' id='word_1_369' title='bbox 932 3515 1005 3560; x_wconf 90' lang='lat' dir='ltr'><strong>esse</strong></span> <span class='ocrx_word' id='word_1_370' title='bbox 1037 3491 1147 3578; x_wconf 79' lang='grc' dir='ltr'>ἐπαίνῳ</span> <span class='ocrx_word' id='word_1_371' title='bbox 1176 3503 1226 3558; x_wconf 78' lang='grc' dir='ltr'>τοῦ</span> <span class='ocrx_word' id='word_1_372' title='bbox 1257 3503 1298 3584; x_wconf 76' lang='grc' dir='ltr'><strong>μὴ</strong></span> <span class='ocrx_word' id='word_1_373' title='bbox 1330 3495 1495 3580; x_wconf 74' lang='grc' dir='ltr'>ἀποδρᾶναι</span> <span class='ocrx_word' id='word_1_374' title='bbox 1528 3496 1680 3585; x_wconf 74' lang='grc' dir='ltr'>ἀρεῖσθαι,</span> <span class='ocrx_word' id='word_1_375' title='bbox 1711 3520 1783 3566; x_wconf 88' lang='lat' dir='ltr'><strong>eum</strong></span> <span class='ocrx_word' id='word_1_376' title='bbox 1806 3501 1859 3564; x_wconf 81' lang='lat' dir='ltr'><strong>aix</strong></span> <span class='ocrx_word' id='word_1_377' title='bbox 1882 3507 1969 3566; x_wconf 89' lang='lat' dir='ltr'><strong>recte</strong></span> <span class='ocrx_word' id='word_1_378' title='bbox 1990 3499 2051 3564; x_wconf 88' lang='lat' dir='ltr'><strong>dici</strong></span> 
     </span>
     <span class='ocr_line' id='line_1_30' title="bbox 248 3602 2049 3698; baseline -0.004 -21"><span class='ocrx_word' id='word_1_379' title='bbox 248 3612 353 3698; x_wconf 89' lang='lat' dir='ltr'><strong>possit</strong></span> <span class='ocrx_word' id='word_1_380' title='bbox 386 3630 581 3696; x_wconf 89' lang='lat' dir='ltr'><strong>quemquam</strong></span> <span class='ocrx_word' id='word_1_381' title='bbox 612 3608 716 3673; x_wconf 89' lang='lat' dir='ltr'><strong>emitti</strong></span> <span class='ocrx_word' id='word_1_382' title='bbox 746 3611 922 3691; x_wconf 87' lang='lat' dir='ltr'><strong>propterea</strong></span> <span class='ocrx_word' id='word_1_383' title='bbox 951 3602 1037 3687; x_wconf 91' lang='lat' dir='ltr'><strong>quod</strong></span> <span class='ocrx_word' id='word_1_384' title='bbox 1067 3602 1230 3668; x_wconf 89' lang='lat' dir='ltr'><strong>laudetur.</strong></span> <span class='ocrx_word' id='word_1_385' title='bbox 1276 3605 1384 3690; x_wconf 79' lang='lat' dir='ltr'><strong>Accipi</strong></span> <span class='ocrx_word' id='word_1_386' title='bbox 1417 3607 1556 3670; x_wconf 82' lang='lat' dir='ltr'><strong>fortasse</strong></span> <span class='ocrx_word' id='word_1_387' title='bbox 1584 3615 1695 3692; x_wconf 76' lang='lat' dir='ltr'><strong>potest</strong></span> <span class='ocrx_word' id='word_1_388' title='bbox 1719 3607 1896 3672; x_wconf 62' lang='lat' dir='ltr'><strong>liucianum</strong></span> <span class='ocrx_word' id='word_1_389' title='bbox 1923 3609 1971 3672; x_wconf 88' lang='lat' dir='ltr'><strong>ita</strong></span> <span class='ocrx_word' id='word_1_390' title='bbox 1991 3627 2049 3694; x_wconf 87' lang='lat' dir='ltr'><strong>pro</strong></span> 
     </span>
     <span class='ocr_line' id='line_1_31' title="bbox 249 3711 2051 3802; baseline -0.001 -22"><span class='ocrx_word' id='word_1_391' title='bbox 249 3713 295 3780; x_wconf 73' lang='grc' dir='ltr'><strong>ἐπ’</strong></span> <span class='ocrx_word' id='word_1_392' title='bbox 320 3716 431 3800; x_wconf 75' lang='grc' dir='ltr'>ἐπαὶνῳ</span> <span class='ocrx_word' id='word_1_393' title='bbox 462 3717 638 3802; x_wconf 78' lang='lat' dir='ltr'><strong>scripsisse.</strong></span> <span class='ocrx_word' id='word_1_394' title='bbox 684 3713 750 3776; x_wconf 85' lang='lat' dir='ltr'><strong>Alii</strong></span> <span class='ocrx_word' id='word_1_395' title='bbox 779 3731 910 3799; x_wconf 91' lang='lat' dir='ltr'><strong>quoque</strong></span> <span class='ocrx_word' id='word_1_396' title='bbox 938 3711 1000 3776; x_wconf 84' lang='lat' dir='ltr'><strong>loci</strong></span> <span class='ocrx_word' id='word_1_397' title='bbox 1030 3711 1246 3790; x_wconf 79' lang='lat' dir='ltr'><strong>inveniuntur,</strong></span> <span class='ocrx_word' id='word_1_398' title='bbox 1275 3711 1391 3794; x_wconf 89' lang='lat' dir='ltr'><strong>quibus</strong></span> <span class='ocrx_word' id='word_1_399' title='bbox 1422 3733 1555 3778; x_wconf 65' lang='lat' dir='ltr'><strong>cunum</strong></span> <span class='ocrx_word' id='word_1_400' title='bbox 1586 3715 1845 3780; x_wconf 82' lang='lat' dir='ltr'><strong>constructiones</strong></span> <span class='ocrx_word' id='word_1_401' title='bbox 1877 3715 2051 3780; x_wconf 83' lang='lat' dir='ltr'><strong>inusitatas</strong></span> 
     </span>
     <span class='ocr_line' id='line_1_32' title="bbox 249 3815 1909 3907; baseline -0.002 -19"><span class='ocrx_word' id='word_1_402' title='bbox 249 3825 392 3891; x_wconf 74' lang='lat' dir='ltr'><strong>exhibet.</strong></span> <span class='ocrx_word' id='word_1_403' title='bbox 438 3823 491 3888; x_wconf 93' lang='lat' dir='ltr'><strong>Du</strong></span> <span class='ocrx_word' id='word_1_404' title='bbox 516 3822 683 3886; x_wconf 84' lang='lat' dir='ltr'><strong>Mesnilius</strong></span> <span class='ocrx_word' id='word_1_405' title='bbox 706 3841 783 3905; x_wconf 89' lang='lat' dir='ltr'><strong>pgg.</strong></span> <span class='ocrx_word' id='word_1_406' title='bbox 808 3821 925 3898; x_wconf 86' lang='lat'>8-10‚</span> <span class='ocrx_word' id='word_1_407' title='bbox 950 3815 1130 3882; x_wconf 86' lang='lat' dir='ltr'><strong>Schmidius</strong></span> <span class='ocrx_word' id='word_1_408' title='bbox 1153 3839 1230 3904; x_wconf 90' lang='lat' dir='ltr'><strong>pgg.</strong></span> <span class='ocrx_word' id='word_1_409' title='bbox 1256 3821 1330 3899; x_wconf 79' lang='lat'><strong>236,</strong></span> <span class='ocrx_word' id='word_1_410' title='bbox 1354 3821 1417 3882; x_wconf 73' lang='lat'><strong>231</strong></span> <span class='ocrx_word' id='word_1_411' title='bbox 1443 3820 1592 3907; x_wconf 80' lang='lat' dir='ltr'><strong>exempla</strong></span> <span class='ocrx_word' id='word_1_412' title='bbox 1615 3841 1719 3907; x_wconf 87' lang='lat' dir='ltr'><strong>pauca</strong></span> <span class='ocrx_word' id='word_1_413' title='bbox 1742 3820 1909 3886; x_wconf 85' lang='lat' dir='ltr'><strong>adnotant.</strong></span> 
     </span>
    </p>

    <p class='ocr_par' dir='ltr' id='par_1_5' title="bbox 248 3922 2056 5080">
     <span class='ocr_line' id='line_1_33' title="bbox 409 3922 2054 4018; baseline -0.002 -24"><span class='ocrx_word' id='word_1_414' title='bbox 409 3930 555 4018; x_wconf 89' lang='lat' dir='ltr'><strong>Septima</strong></span> <span class='ocrx_word' id='word_1_415' title='bbox 578 3927 815 3994; x_wconf 77' lang='lat' dir='ltr'><strong>narratiuncula</strong></span> <span class='ocrx_word' id='word_1_416' title='bbox 835 3927 961 4012; x_wconf 86' lang='lat' dir='ltr'><strong>&#39;optime</strong></span> <span class='ocrx_word' id='word_1_417' title='bbox 984 3925 1131 4009; x_wconf 88' lang='lat' dir='ltr'><strong>intellegi</strong></span> <span class='ocrx_word' id='word_1_418' title='bbox 1153 3932 1265 4010; x_wconf 90' lang='lat' dir='ltr'><strong>potest</strong></span> <span class='ocrx_word' id='word_1_419' title='bbox 1288 3922 1443 4008; x_wconf 77' lang='lat' dir='ltr'><strong>Scythen</strong></span> <span class='ocrx_word' id='word_1_420' title='bbox 1466 3926 1579 4012; x_wconf 88' lang='lat' dir='ltr'><strong>ipsum,</strong></span> <span class='ocrx_word' id='word_1_421' title='bbox 1610 3947 1805 4011; x_wconf 89' lang='lat' dir='ltr'><strong>quamquam</strong></span> <span class='ocrx_word' id='word_1_422' title='bbox 1836 3927 1953 4012; x_wconf 77' lang='lat' dir='ltr'><strong>sapius</strong></span> <span class='ocrx_word' id='word_1_423' title='bbox 1977 3947 2054 3992; x_wconf 86' lang='lat' dir='ltr'><strong>con·</strong></span> 
     </span>
     <span class='ocr_line' id='line_1_34' title="bbox 248 4031 2053 4124; baseline -0.002 -22"><span class='ocrx_word' id='word_1_424' title='bbox 248 4038 355 4104; x_wconf 87' lang='lat' dir='ltr'><strong>tendit</strong></span> <span class='ocrx_word' id='word_1_425' title='bbox 378 4058 414 4103; x_wconf 92' lang='lat' dir='ltr'><strong>se</strong></span> <span class='ocrx_word' id='word_1_426' title='bbox 435 4059 488 4103; x_wconf 88' lang='lat' dir='ltr'><strong>res</strong></span> <span class='ocrx_word' id='word_1_427' title='bbox 512 4036 701 4124; x_wconf 88' lang='lat' dir='ltr'><strong>simpliciter</strong></span> <span class='ocrx_word' id='word_1_428' title='bbox 723 4053 875 4097; x_wconf 88' lang='lat' dir='ltr'><strong>enarrare</strong></span> <span class='ocrx_word' id='word_1_429' title='bbox 906 4051 1012 4117; x_wconf 90' lang='lat' dir='ltr'><strong>neque</strong></span> <span class='ocrx_word' id='word_1_430' title='bbox 1045 4051 1099 4095; x_wconf 89' lang='lat' dir='ltr'><strong>eas</strong></span> <span class='ocrx_word' id='word_1_431' title='bbox 1128 4051 1250 4116; x_wconf 84' lang='lat' dir='ltr'><strong>augere</strong></span> <span class='ocrx_word' id='word_1_432' title='bbox 1279 4031 1463 4098; x_wconf 73' lang='lat' dir='ltr'><strong>Graecorum</strong></span> <span class='ocrx_word' id='word_1_433' title='bbox 1493 4053 1591 4114; x_wconf 87' lang='lat' dir='ltr'><strong>more,</strong></span> <span class='ocrx_word' id='word_1_434' title='bbox 1621 4054 1718 4120; x_wconf 89' lang='lat' dir='ltr'><strong>quam</strong></span> <span class='ocrx_word' id='word_1_435' title='bbox 1748 4035 1889 4100; x_wconf 80' lang='lat' dir='ltr'><strong>maximo</strong></span> <span class='ocrx_word' id='word_1_436' title='bbox 1920 4054 2053 4122; x_wconf 87' lang='lat' dir='ltr'><strong>operam</strong></span> 
     </span>
     <span class='ocr_line' id='line_1_35' title="bbox 249 4138 2054 4230; baseline -0.004 -20"><span class='ocrx_word' id='word_1_437' title='bbox 249 4149 337 4226; x_wconf 88' lang='lat' dir='ltr'><strong>dare,</strong></span> <span class='ocrx_word' id='word_1_438' title='bbox 359 4152 396 4210; x_wconf 91' lang='lat' dir='ltr'><strong>ut</strong></span> <span class='ocrx_word' id='word_1_439' title='bbox 421 4145 529 4210; x_wconf 87' lang='lat' dir='ltr'><strong>omnia</strong></span> <span class='ocrx_word' id='word_1_440' title='bbox 552 4163 623 4230; x_wconf 75' lang='lat' dir='ltr'><strong>qum</strong></span> <span class='ocrx_word' id='word_1_441' title='bbox 648 4163 668 4206; x_wconf 89' lang='lat' dir='ltr'><strong>a</strong></span> <span class='ocrx_word' id='word_1_442' title='bbox 691 4140 759 4206; x_wconf 88' lang='lat' dir='ltr'><strong>suis</strong></span> <span class='ocrx_word' id='word_1_443' title='bbox 782 4138 990 4226; x_wconf 89' lang='lat' dir='ltr'><strong>popularibus</strong></span> <span class='ocrx_word' id='word_1_444' title='bbox 1015 4143 1109 4222; x_wconf 86' lang='lat' dir='ltr'><strong>gesta</strong></span> <span class='ocrx_word' id='word_1_445' title='bbox 1131 4147 1207 4202; x_wconf 91' lang='lat' dir='ltr'><strong>suot</strong></span> <span class='ocrx_word' id='word_1_446' title='bbox 1227 4139 1276 4202; x_wconf 88' lang='lat' dir='ltr'><strong>ita</strong></span> <span class='ocrx_word' id='word_1_447' title='bbox 1299 4147 1417 4220; x_wconf 81' lang='lat' dir='ltr'><strong>narret,</strong></span> <span class='ocrx_word' id='word_1_448' title='bbox 1450 4146 1486 4203; x_wconf 95' lang='lat' dir='ltr'><strong>ut</strong></span> <span class='ocrx_word' id='word_1_449' title='bbox 1516 4158 1613 4221; x_wconf 91' lang='lat' dir='ltr'><strong>quam</strong></span> <span class='ocrx_word' id='word_1_450' title='bbox 1643 4141 1781 4205; x_wconf 81' lang='lat' dir='ltr'><strong>maxime</strong></span> <span class='ocrx_word' id='word_1_451' title='bbox 1812 4143 1894 4206; x_wconf 89' lang='lat' dir='ltr'><strong>mira</strong></span> <span class='ocrx_word' id='word_1_452' title='bbox 1918 4147 1951 4204; x_wconf 90' lang='lat' dir='ltr'><strong>et</strong></span> <span class='ocrx_word' id='word_1_453' title='bbox 1973 4139 2054 4204; x_wconf 88' lang='lat' dir='ltr'><strong>diffi-</strong></span> 
     </span>
     <span class='ocr_line' id='line_1_36' title="bbox 249 4243 2054 4337; baseline -0.004 -21"><span class='ocrx_word' id='word_1_454' title='bbox 249 4253 369 4318; x_wconf 91' lang='lat' dir='ltr'><strong>cillima</strong></span> <span class='ocrx_word' id='word_1_455' title='bbox 390 4250 528 4337; x_wconf 90' lang='lat' dir='ltr'><strong>ideoque</strong></span> <span class='ocrx_word' id='word_1_456' title='bbox 551 4269 674 4314; x_wconf 86' lang='lat' dir='ltr'><strong>summa</strong></span> <span class='ocrx_word' id='word_1_457' title='bbox 695 4245 791 4310; x_wconf 85' lang='lat' dir='ltr'><strong>laude</strong></span> <span class='ocrx_word' id='word_1_458' title='bbox 813 4245 911 4330; x_wconf 88' lang='lat' dir='ltr'><strong>digna</strong></span> <span class='ocrx_word' id='word_1_459' title='bbox 933 4245 1113 4310; x_wconf 82' lang='lat' dir='ltr'><strong>videantur.</strong></span> <span class='ocrx_word' id='word_1_460' title='bbox 1160 4244 1232 4318; x_wconf 86' lang='lat' dir='ltr'><strong>Qua</strong></span> <span class='ocrx_word' id='word_1_461' title='bbox 1255 4243 1296 4308; x_wconf 90' lang='lat' dir='ltr'><strong>de</strong></span> <span class='ocrx_word' id='word_1_462' title='bbox 1319 4265 1417 4308; x_wconf 89' lang='lat' dir='ltr'><strong>causa</strong></span> <span class='ocrx_word' id='word_1_463' title='bbox 1441 4243 1562 4328; x_wconf 83' lang='lat' dir='ltr'><strong>Scytha</strong></span> <span class='ocrx_word' id='word_1_464' title='bbox 1585 4245 1645 4310; x_wconf 91' lang='lat' dir='ltr'><strong>hoo</strong></span> <span class='ocrx_word' id='word_1_465' title='bbox 1669 4246 1764 4311; x_wconf 92' lang='lat' dir='ltr'><strong>modo</strong></span> <span class='ocrx_word' id='word_1_466' title='bbox 1797 4267 1932 4311; x_wconf 88' lang='lat' dir='ltr'><strong>narrans</strong></span> <span class='ocrx_word' id='word_1_467' title='bbox 1961 4245 2054 4310; x_wconf 89' lang='lat' dir='ltr'><strong>indn-</strong></span> 
     </span>
     <span class='ocr_line' id='line_1_37' title="bbox 249 4351 2054 4442; baseline -0.003 -19"><span class='ocrx_word' id='word_1_468' title='bbox 249 4367 341 4423; x_wconf 86' lang='lat' dir='ltr'><strong>catur</strong></span> <span class='ocrx_word' id='word_1_469' title='bbox 364 4379 384 4422; x_wconf 89' lang='lat' dir='ltr'><strong>a</strong></span> <span class='ocrx_word' id='word_1_470' title='bbox 407 4357 561 4442; x_wconf 89' lang='lat' dir='ltr'><strong>scriptore</strong></span> <span class='ocrx_word' id='word_1_471' title='bbox 585 4357 651 4420; x_wconf 90' lang='lat' dir='ltr'><strong>iam</strong></span> <span class='ocrx_word' id='word_1_472' title='bbox 673 4373 772 4440; x_wconf 87' lang='lat' dir='ltr'><strong>supra</strong></span> <span class='ocrx_word' id='word_1_473' title='bbox 793 4351 915 4416; x_wconf 86' lang='lat' dir='ltr'><strong>dictum</strong></span> <span class='ocrx_word' id='word_1_474' title='bbox 939 4361 998 4418; x_wconf 90' lang='lat' dir='ltr'><strong>est.</strong></span> <span class='ocrx_word' id='word_1_475' title='bbox 1033 4351 1149 4416; x_wconf 88' lang='lat' dir='ltr'><strong>Omnia</strong></span> <span class='ocrx_word' id='word_1_476' title='bbox 1163 4353 1264 4437; x_wconf 87' lang='lat' dir='ltr'><strong>igitur</strong></span> <span class='ocrx_word' id='word_1_477' title='bbox 1278 4373 1350 4435; x_wconf 75' lang='lat' dir='ltr'><strong>quse</strong></span> <span class='ocrx_word' id='word_1_478' title='bbox 1366 4355 1404 4417; x_wconf 85' lang='lat' dir='ltr'><strong>G.</strong></span> <span class='ocrx_word' id='word_1_479' title='bbox 1421 4352 1462 4416; x_wconf 91' lang='lat' dir='ltr'><strong>ad</strong></span> <span class='ocrx_word' id='word_1_480' title='bbox 1485 4353 1566 4418; x_wconf 89' lang='lat' dir='ltr'><strong>haue</strong></span> <span class='ocrx_word' id='word_1_481' title='bbox 1590 4353 1732 4419; x_wconf 77' lang='lat' dir='ltr'><strong>tabulam</strong></span> <span class='ocrx_word' id='word_1_482' title='bbox 1757 4353 1892 4418; x_wconf 88' lang='lat' dir='ltr'><strong>adnotat</strong></span> <span class='ocrx_word' id='word_1_483' title='bbox 1915 4353 2054 4438; x_wconf 84' lang='lat' dir='ltr'><strong>placent,</strong></span> 
     </span>
     <span class='ocr_line' id='line_1_38' title="bbox 250 4458 2055 4547; baseline -0.002 -19"><span class='ocrx_word' id='word_1_484' title='bbox 250 4467 396 4547; x_wconf 79' lang='lat' dir='ltr'><strong>quamvis</strong></span> <span class='ocrx_word' id='word_1_485' title='bbox 430 4463 517 4530; x_wconf 88' lang='lat' dir='ltr'><strong>haud</strong></span> <span class='ocrx_word' id='word_1_486' title='bbox 551 4463 619 4528; x_wconf 91' lang='lat' dir='ltr'><strong>scio</strong></span> <span class='ocrx_word' id='word_1_487' title='bbox 654 4483 694 4526; x_wconf 89' lang='lat' dir='ltr'><strong>au</strong></span> <span class='ocrx_word' id='word_1_488' title='bbox 729 4481 793 4524; x_wconf 92' lang='lat' dir='ltr'><strong>non</strong></span> <span class='ocrx_word' id='word_1_489' title='bbox 828 4479 992 4544; x_wconf 87' lang='lat' dir='ltr'><strong>nunquam</strong></span> <span class='ocrx_word' id='word_1_490' title='bbox 1026 4460 1119 4522; x_wconf 87' lang='lat' dir='ltr'><strong>nimis</strong></span> <span class='ocrx_word' id='word_1_491' title='bbox 1151 4479 1263 4524; x_wconf 80' lang='lat' dir='ltr'><strong>serere</strong></span> <span class='ocrx_word' id='word_1_492' title='bbox 1294 4459 1326 4522; x_wconf 93' lang='lat' dir='ltr'><strong>in</strong></span> <span class='ocrx_word' id='word_1_493' title='bbox 1357 4479 1407 4522; x_wconf 87' lang='lat' dir='ltr'><strong>res</strong></span> <span class='ocrx_word' id='word_1_494' title='bbox 1438 4459 1591 4544; x_wconf 87' lang='lat' dir='ltr'><strong>inquirat.</strong></span> <span class='ocrx_word' id='word_1_495' title='bbox 1637 4459 1857 4526; x_wconf 87' lang='lat' dir='ltr'><strong>Attendamus</strong></span> <span class='ocrx_word' id='word_1_496' title='bbox 1892 4458 2055 4524; x_wconf 86' lang='lat' dir='ltr'><strong>fabulam:</strong></span> 
     </span>
     <span class='ocr_line' id='line_1_39' title="bbox 250 4565 2054 4655; baseline -0.001 -21"><span class='ocrx_word' id='word_1_497' title='bbox 250 4569 395 4634; x_wconf 85' lang='lat' dir='ltr'><strong>Bosthcn</strong></span> <span class='ocrx_word' id='word_1_498' title='bbox 427 4567 585 4655; x_wconf 84' lang='lat' dir='ltr'><strong>quendam</strong></span> <span class='ocrx_word' id='word_1_499' title='bbox 613 4569 664 4632; x_wconf 90' lang='lat' dir='ltr'><strong>leo</strong></span> <span class='ocrx_word' id='word_1_500' title='bbox 692 4567 790 4654; x_wconf 88' lang='lat' dir='ltr'><strong>petit;</strong></span> <span class='ocrx_word' id='word_1_501' title='bbox 821 4565 942 4630; x_wconf 85' lang='lat' dir='ltr'><strong>amicus</strong></span> <span class='ocrx_word' id='word_1_502' title='bbox 971 4565 1025 4649; x_wconf 93' lang='lat' dir='ltr'><strong>qui</strong></span> <span class='ocrx_word' id='word_1_503' title='bbox 1056 4576 1154 4646; x_wconf 88' lang='lat' dir='ltr'><strong>astat,</strong></span> <span class='ocrx_word' id='word_1_504' title='bbox 1194 4568 1305 4630; x_wconf 87' lang='lat' dir='ltr'><strong>statim</strong></span> <span class='ocrx_word' id='word_1_505' title='bbox 1332 4568 1470 4632; x_wconf 85' lang='lat' dir='ltr'><strong>accurrit</strong></span> <span class='ocrx_word' id='word_1_506' title='bbox 1501 4575 1534 4632; x_wconf 90' lang='lat' dir='ltr'><strong>et</strong></span> <span class='ocrx_word' id='word_1_507' title='bbox 1563 4568 1727 4632; x_wconf 86' lang='lat' dir='ltr'><strong>hominem</strong></span> <span class='ocrx_word' id='word_1_508' title='bbox 1757 4567 1916 4630; x_wconf 92' lang='lat' dir='ltr'><strong>inl&#39;elicem</strong></span> <span class='ocrx_word' id='word_1_509' title='bbox 1949 4565 2054 4632; x_wconf 91' lang='lat' dir='ltr'><strong>bestia</strong></span> 
     </span>
     <span class='ocr_line' id='line_1_40' title="bbox 249 4671 2054 4760; baseline -0.001 -20"><span class='ocrx_word' id='word_1_510' title='bbox 249 4677 357 4741; x_wconf 89' lang='lat' dir='ltr'><strong>animo</strong></span> <span class='ocrx_word' id='word_1_511' title='bbox 381 4677 461 4740; x_wconf 84' lang='lat' dir='ltr'><strong>lorti</strong></span> <span class='ocrx_word' id='word_1_512' title='bbox 482 4675 607 4738; x_wconf 87' lang='lat' dir='ltr'><strong>liberat.</strong></span> <span class='ocrx_word' id='word_1_513' title='bbox 654 4674 719 4738; x_wconf 87' lang='lat' dir='ltr'><strong>[tes</strong></span> <span class='ocrx_word' id='word_1_514' title='bbox 742 4671 976 4758; x_wconf 88' lang='lat' dir='ltr'><strong>simplicissima</strong></span> <span class='ocrx_word' id='word_1_515' title='bbox 999 4673 1110 4755; x_wconf 92' lang='lat' dir='ltr'><strong>paucis</strong></span> <span class='ocrx_word' id='word_1_516' title='bbox 1133 4673 1239 4738; x_wconf 86' lang='lat' dir='ltr'><strong>verbis</strong></span> <span class='ocrx_word' id='word_1_517' title='bbox 1265 4673 1329 4738; x_wconf 92' lang='lat' dir='ltr'><strong>dici</strong></span> <span class='ocrx_word' id='word_1_518' title='bbox 1351 4675 1471 4760; x_wconf 88' lang='lat' dir='ltr'><strong>potuit.</strong></span> <span class='ocrx_word' id='word_1_519' title='bbox 1516 4673 1581 4738; x_wconf 84' lang='lat' dir='ltr'><strong>Sed</strong></span> <span class='ocrx_word' id='word_1_520' title='bbox 1606 4693 1703 4757; x_wconf 89' lang='lat' dir='ltr'><strong>quam</strong></span> <span class='ocrx_word' id='word_1_521' title='bbox 1727 4671 1849 4736; x_wconf 84' lang='lat' dir='ltr'><strong>diserta</strong></span> <span class='ocrx_word' id='word_1_522' title='bbox 1874 4684 1908 4737; x_wconf 90' lang='lat' dir='ltr'><strong>et</strong></span> <span class='ocrx_word' id='word_1_523' title='bbox 1931 4679 2054 4758; x_wconf 88' lang='lat' dir='ltr'><strong>quauta</strong></span> 
     </span>
     <span class='ocr_line' id='line_1_41' title="bbox 249 4776 2054 4865; baseline -0.002 -19"><span class='ocrx_word' id='word_1_524' title='bbox 249 4782 420 4846; x_wconf 84' lang='lat' dir='ltr'><strong>uerborum</strong></span> <span class='ocrx_word' id='word_1_525' title='bbox 451 4779 646 4844; x_wconf 86' lang='lat' dir='ltr'><strong>abundantia</strong></span> <span class='ocrx_word' id='word_1_526' title='bbox 676 4777 815 4842; x_wconf 82' lang='lat' dir='ltr'><strong>Toxaris</strong></span> <span class='ocrx_word' id='word_1_527' title='bbox 844 4776 906 4841; x_wconf 90' lang='lat' dir='ltr'><strong>hoo</strong></span> <span class='ocrx_word' id='word_1_528' title='bbox 939 4777 1058 4842; x_wconf 86' lang='lat' dir='ltr'><strong>lactum</strong></span> <span class='ocrx_word' id='word_1_529' title='bbox 1089 4779 1184 4844; x_wconf 88' lang='lat' dir='ltr'><strong>amici</strong></span> <span class='ocrx_word' id='word_1_530' title='bbox 1215 4782 1343 4845; x_wconf 80' lang='lat' dir='ltr'><strong>narrati</strong></span> <span class='ocrx_word' id='word_1_531' title='bbox 1391 4781 1462 4845; x_wconf 82' lang='lat' dir='ltr'><strong>Non</strong></span> <span class='ocrx_word' id='word_1_532' title='bbox 1491 4779 1681 4865; x_wconf 88' lang='lat' dir='ltr'><strong>aggreditur</strong></span> <span class='ocrx_word' id='word_1_533' title='bbox 1712 4777 1838 4844; x_wconf 89' lang='lat' dir='ltr'><strong>Belitta</strong></span> <span class='ocrx_word' id='word_1_534' title='bbox 1867 4779 1966 4845; x_wconf 89' lang='lat' dir='ltr'><strong>homo</strong></span> <span class='ocrx_word' id='word_1_535' title='bbox 1998 4779 2054 4844; x_wconf 93' lang='lat' dir='ltr'><strong>ille</strong></span> 
     </span>
     <span class='ocr_line' id='line_1_42' title="bbox 250 4885 2055 4970; baseline -0.001 -18"><span class='ocrx_word' id='word_1_536' title='bbox 250 4889 442 4954; x_wconf 80' lang='lat' dir='ltr'><strong>fortissimus</strong></span> <span class='ocrx_word' id='word_1_537' title='bbox 465 4887 595 4952; x_wconf 87' lang='lat' dir='ltr'><strong>leonem</strong></span> <span class='ocrx_word' id='word_1_538' title='bbox 624 4905 762 4970; x_wconf 91' lang='lat' dir='ltr'><strong>eumque</strong></span> <span class='ocrx_word' id='word_1_539' title='bbox 790 4885 899 4970; x_wconf 89' lang='lat' dir='ltr'><strong>gladio</strong></span> <span class='ocrx_word' id='word_1_540' title='bbox 928 4885 1012 4966; x_wconf 83' lang='lat' dir='ltr'><strong>serit,</strong></span> <span class='ocrx_word' id='word_1_541' title='bbox 1042 4886 1101 4952; x_wconf 88' lang='lat' dir='ltr'><strong>sed</strong></span> <span class='ocrx_word' id='word_1_542' title='bbox 1133 4887 1301 4966; x_wconf 82' lang='lat' dir='ltr'><strong>‚consistit</strong></span> <span class='ocrx_word' id='word_1_543' title='bbox 1332 4887 1364 4952; x_wconf 93' lang='lat' dir='ltr'><strong>in</strong></span> <span class='ocrx_word' id='word_1_544' title='bbox 1391 4894 1486 4969; x_wconf 90' lang='lat' dir='ltr'><strong>tergo</strong></span> <span class='ocrx_word' id='word_1_545' title='bbox 1517 4887 1629 4968; x_wconf 84' lang='lat' dir='ltr'><strong>leonis,</strong></span> <span class='ocrx_word' id='word_1_546' title='bbox 1663 4885 1818 4951; x_wconf 88' lang='lat' dir='ltr'><strong>irritando</strong></span> <span class='ocrx_word' id='word_1_547' title='bbox 1847 4907 1921 4952; x_wconf 90' lang='lat' dir='ltr'><strong>eum</strong></span> <span class='ocrx_word' id='word_1_548' title='bbox 1950 4887 1984 4951; x_wconf 90' lang='lat' dir='ltr'><strong>iu</strong></span> <span class='ocrx_word' id='word_1_549' title='bbox 2016 4907 2055 4951; x_wconf 90' lang='lat' dir='ltr'><strong>se</strong></span> 
     </span>
     <span class='ocr_line' id='line_1_43' title="bbox 249 4990 2056 5080; baseline -0.001 -20"><span class='ocrx_word' id='word_1_550' title='bbox 249 5001 398 5060; x_wconf 82' lang='lat' dir='ltr'><strong>auertere</strong></span> <span class='ocrx_word' id='word_1_551' title='bbox 421 4995 542 5066; x_wconf 80' lang='lat' dir='ltr'><strong>studet.</strong></span> <span class='ocrx_word' id='word_1_552' title='bbox 566 4993 685 5080; x_wconf 86' lang='lat' dir='ltr'><strong>digitos</strong></span> <span class='ocrx_word' id='word_1_553' title='bbox 709 4992 903 5078; x_wconf 88' lang='lat' dir='ltr'><strong>perdentes</strong></span> <span class='ocrx_word' id='word_1_554' title='bbox 927 4990 1039 5057; x_wconf 78' lang='lat' dir='ltr'><strong>bestie</strong></span> <span class='ocrx_word' id='word_1_555' title='bbox 1062 4993 1182 5075; x_wconf 85' lang='lat' dir='ltr'><strong>inserit,</strong></span> <span class='ocrx_word' id='word_1_556' title='bbox 1211 5002 1249 5058; x_wconf 93' lang='lat' dir='ltr'><strong>ut</strong></span> <span class='ocrx_word' id='word_1_557' title='bbox 1273 4995 1413 5060; x_wconf 86' lang='lat' dir='ltr'><strong>amioum</strong></span> <span class='ocrx_word' id='word_1_558' title='bbox 1437 5015 1479 5060; x_wconf 81' lang='lat' dir='ltr'><strong>ex</strong></span> <span class='ocrx_word' id='word_1_559' title='bbox 1504 5013 1560 5058; x_wconf 93' lang='lat' dir='ltr'><strong>ore</strong></span> <span class='ocrx_word' id='word_1_560' title='bbox 1583 4993 1652 5058; x_wconf 90' lang='lat' dir='ltr'><strong>eius</strong></span> <span class='ocrx_word' id='word_1_561' title='bbox 1677 4994 1794 5060; x_wconf 85' lang='lat' dir='ltr'><strong>liberet</strong></span> <span class='ocrx_word' id='word_1_562' title='bbox 1818 5013 1957 5077; x_wconf 89' lang='lat' dir='ltr'><strong>cumque</strong></span> <span class='ocrx_word' id='word_1_563' title='bbox 1981 4993 2056 5058; x_wconf 84' lang='lat' dir='ltr'><strong>sera</strong></span> 
     </span>
    </p>
   </div>
   <div class='ocr_carea' id='block_1_3' title="bbox 0 0 2296 5676">
    <p class='ocr_par' dir='ltr' id='par_1_6' title="bbox 0 0 2296 5676">
     <span class='ocr_line' id='line_1_44' title="bbox 0 0 2296 5676; baseline 0 0"><span class='ocrx_word' id='word_1_564' title='bbox 0 0 2296 5676; x_wconf 95' lang='lat' dir='ltr'><strong> </strong></span> 
     </span>
    </p>
   </div>
  </div>
 </body>
</html>
