4574 5676
1987 351 2023 412 11

214 547 359 616 cedenda
381 553 459 614 sunt
480 567 586 633 neque
609 565 801 635 quemquam
824 564 896 610 asse
919 549 1000 630 puto
1025 542 1080 630 qui
1105 539 1146 606 ab
1171 560 1210 606 eo
1235 539 1425 622 dissentiat,
1456 561 1515 606 uec
1545 535 1625 606 non'
1641 542 1727 608 omni
1749 543 1820 609 iure
1843 545 1907 610 iarn
1930 545 2023 614 initio

216 655 456 722 dissertationis
485 653 568 718 dixit
592 673 632 718 oa
654 672 725 739 que
748 651 788 716 de
813 649 941 735 Scythis
973 647 1118 714 inaudite
1149 655 1181 712 et
1214 647 1394 732 singularia
1422 656 1604 729 narrentur,
1637 648 1712 714 licta
1739 655 1772 714 et
1801 653 2025 718 commenticia

215 782 302 827 esse.
348 759 434 836 Quid
455 759 529 825 iude
551 759 718 845 sequitur?
751 757 916 843 dialogum
940 776 1005 820 nou
1028 776 1048 820 a
1072 754 1217 820 Lucieno
1241 754 1397 838 scriptum
1423 756 1516 820 esse?
1551 755 1691 822 minime.
1728 757 1802 822 Non
1825 759 1930 824 miuus
1954 760 2025 825 aliis

215 869 344 955 scriptis
360 867 522 933 Lucienus
545 885 597 931 res
620 871 722 949 auget
746 871 779 930 ot
802 870 940 929 exornat
963 869 1063 950 atque
1088 861 1166 926 talia
1189 869 1306 942 narrat,
1330 861 1447 948 quibus
1462 861 1541 926 fides
1558 861 1655 927 tribui
1671 863 1793 950 aequit.
1827 863 1930 932 Immo
1946 886 2023 932 vero

215 973 423 1062 quaerendum
446 980 505 1054 est,
528 971 605 1058 quid
621 971 785 1038 Lucienus
806 991 873 1035 rem
898 970 944 1034 ita
968 975 1112 1034 tractans
1136 969 1342 1052 spectaverit.
1378 967 1655 1034 verisimillimum
1679 979 1729 1035 est
1753 971 1943 1056 scriptorem
1967 995 2027 1061 per

215 1089 321 1146 toturn
346 1079 511 1164 dialogum
533 1079 668 1144 ironiam
692 1075 854 1164 quandem
878 1074 1076 1140 exhibuisse.
1111 1071 1258 1160 Uterque
1281 1074 1367 1138 anim
1391 1081 1424 1138 et
1441 1073 1572 1139 Graeeus
1596 1081 1630 1139 et
1654 1073 1775 1158 Scytha
1795 1096 1836 1140 ne
1852 1087 2026 1164 superetur

214 1187 310 1252 timet
331 1187 443 1271 itaqua
464 1185 606 1250 maxime
630 1204 762 1270 operam
786 1181 852 1263 dat,
882 1191 919 1246 ut
943 1201 994 1246 ras
1018 1201 1097 1268 quas
1122 1186 1229 1244 narrat
1253 1201 1347 1268 quam
1372 1181 1529 1246 maximas
1554 1188 1588 1244 at
1611 1181 1803 1247 clarissimas
1835 1185 1958 1266 efferat,
1990 1194 2023 1250 et

217 1293 301 1360 hanc
323 1292 365 1358 cb
394 1314 461 1358 rem
489 1313 592 1378 pauca
621 1311 693 1377 ques
723 1311 800 1355 vera
829 1288 929 1354 videri
959 1295 1097 1375 possunt
1129 1287 1303 1352 mendaciis
1335 1290 1367 1349 et
1397 1287 1585 1352 commentis
1616 1289 1800 1352 circumdat.
1848 1290 2023 1366 Quomodo

220 1398 369 1484 dialogus
392 1407 550 1466 venustus
573 1399 619 1478 fit,
644 1419 725 1478 curn,
749 1397 776 1461 'si
800 1417 851 1462 res
875 1395 969 1460 nudae
991 1395 1223 1480 proferrentur,
1247 1414 1306 1458 nos
1329 1394 1458 1458 minime
1475 1394 1718 1460 delectaremur.
1754 1397 1828 1462 Hoc
1853 1419 1925 1464 esse
1948 1421 2024 1464 con·

218 1505 325 1572 silium
346 1506 484 1571 Lucieni
516 1506 579 1570 iam
608 1503 682 1570 iude
711 1502 866 1588 cognosci
895 1509 1016 1588 potest,
1049 1500 1135 1587 quod
1160 1499 1297 1564 'laxaris
1324 1499 1388 1564 ianr
1411 1498 1505 1564 initio
1532 1498 1653 1584 dialogi
1678 1499 1862 1568 obtestatur
1884 1503 2023 1588 Scythas

217 1633 283 1677 non
307 1610 422 1676 ecdem
445 1609 541 1676 modo
565 1629 630 1696 quo
655 1609 759 1673 Gracci
781 1605 888 1671 verbis
913 1613 1041 1669 tantum
1071 1606 1128 1671 scd
1161 1606 1252 1671 factis
1282 1607 1402 1672 amicos
1435 1626 1471 1670 se
1500 1605 1642 1692 praebere
1672 1615 1771 1694 atque
1804 1619 1874 1676 turn
1904 1613 2022 1680 iterum

216 1723 315 1805 atque
344 1719 464 1784 iterum
493 1717 653 1805 promittit
686 1736 722 1780 se
756 1713 991 1800 simplicissima
1023 1720 1226 1778 narraturum
1257 1732 1339 1792 esse,
1375 1713 1526 1799 quoniam
1558 1713 1637 1777 talia
1667 1713 1729 1777 sibi
1759 1718 1920 1782 narranda
1950 1721 2025 1800 sint,

214 1824 326 1912 qualia
349 1825 498 1891 omnibus
520 1821 703 1888 hominibus
727 1820 930 1886 admirationi
955 1821 1033 1902 sint3
1064 1819 1126 1884 sibi
1151 1819 1282 1907 quidem
1305 1818 1365 1884 hac
1389 1820 1429 1884 de
1460 1840 1558 1884 causa
1587 1820 1698 1885 multis
1722 1822 1829 1887 verbis
1852 1845 1917 1890 nou
1942 1848 2024 1914 opus

218 1953 301 1999 csse.
347 1931 521 2010 (Conferas
544 1951 571 1995 c.
596 1931 625 2011 9,
648 1951 714 2016 quo
738 1929 810 1994 loco
834 1925 972 1992 Taxaris
996 1926 1036 1991 ad
1058 1925 1262 2012 Mussippum
1286 1925 1352 1992 haec
1376 1925 1466 1992 dicit:
1512 1923 1554 1988 ὅτι
1582 1925 1614 1988 δὲ
1638 1921 1665 1988 οἱ
1693 1928 1772 2013 μόλοι
1802 1926 1920 1994 Σκόθαι
1949 1935 2025 1998 πολὺ

219 2044 379 2122 πιστότεροι
401 2047 456 2100 τῶν
479 2035 631 2122 Ἑλλήνων
654 2037 746 2122 φίλων
771 2029 1094 2096 stercorianistae
1117 2032 1216 2118 μελίας
1231 2033 1320 2112 λόγος
1343 2025 1413 2114 παρ’
1429 2028 1498 2118 ἡμῖν
1521 2029 1541 2118 ἢ
1564 2027 1634 2115 παρ’
1650 2029 1726 2118 ὑμῖν,
1749 2031 1848 2120 ῥᾴδιον
1873 2035 2022 2112 ἐπιδεῖξαι.

219 2145 254 2212 C.
278 2147 321 2210 25
344 2145 420 2230 πλὴν
444 2141 572 2227 ἄρξομαί
595 2165 627 2220 γε
649 2135 717 2228 ᾔδη’
743 2139 834 2226 μηδὲν
857 2135 955 2222 ὥσπερ
979 2137 1014 2200 ob
1036 2138 1337 2224 καλλιλογησάμενος.
1377 2137 1413 2204 O.
1435 2141 1478 2204 42
1501 2143 1597 2202 καίτοι
1620 2137 1677 2222 ἐγὼ
1708 2144 1760 2225 μέν
1791 2165 1837 2206 σοι
1865 2149 1971 2230 γυμνόν
1993 2152 2026 2228 τό

218 2251 301 2336 ἔργον
324 2253 517 2338 διηγησάμην·
542 2245 568 2312 ei
591 2249 623 2312 δὲ
646 2250 682 2312 cb
705 2271 767 2311 τινα
790 2254 917 2310 τοιοῦτον
941 2244 1050 2326 ἔλεγες,
1082 2240 1114 2308 sb
1144 2241 1219 2320 οἶδα,
1251 2241 1347 2308 ὁπόσα
1375 2241 1409 2306 ἂν
1440 2247 1543 2330 κομψὰ
1570 2241 1763 2331 marspiter<
1795 2261 1834 2334 τῷ
1857 2251 1947 2338 λόγῳ,
1976 2249 2026 2316 οἱα

216 2356 343 2422 ἱκέτευεν
366 2355 382 2422 ὁ
406 2356 556 2442 Δάνδαμις
579 2359 632 2418 καὶ
655 2351 698 2426 ὡς
721 2351 877 2441 inspicare
900 2355 953 2415 καὶ
976 2353 996 2414 ἃ
1019 2349 1080 2415 εἷπε
1102 2355 1155 2415 καὶ
1179 2349 1219 2424 ὡς
1234 2350 1364 2440 ἐπανῆκε
1378 2357 1430 2416 καὶ
1446 2349 1487 2424 ὡς
1501 2348 1674 2426 ὑπεδέξαντο
1690 2351 1776 2422 αὐτὸν
1790 2354 2026 2446 ἐπευφημοῦντες

217 2463 246 2530 οἱ
276 2463 394 2528 Sabbas
421 2467 475 2528 καὶ
504 2463 583 2526 ἄλλα
613 2461 703 2528 ὁποῖα
731 2458 814 2547 ὑμεῖς
838 2461 1036 2548 μηχανᾶσθαι
1058 2457 1185 2522 εἰώθατε
1214 2464 1288 2543 πρός
1310 2464 1360 2546 την
1389 2457 1558 2544 ἀκρόασιν.)
1605 2461 1830 2543 Nihilominus,
1864 2467 1949 2554 quod
1982 2467 2021 2534 G.

216 2573 397 2639 rectissime
420 2572 495 2636 diss.
517 2593 548 2656 p.
573 2572 614 2634 27
640 2570 783 2652 adnotet,
809 2572 910 2634 oratio
929 2566 1057 2652 Scythae
1082 2568 1220 2634 aGraeei
1244 2569 1395 2633 oratioue
1418 2569 1548 2634 minima
1571 2567 1698 2634 diversa
1723 2577 1783 2636 ast.
1820 2571 1895 2638 Non
1919 2575 2023 2642 minus

216 2701 314 2768 quam
339 2679 470 2744 Graecus
503 2698 566 2758 res,
596 2697 677 2765 quas
706 2686 826 2758 narrat,
859 2697 980 2762 augere
1011 2683 1045 2740 et
1076 2695 1234 2740 exornare
1264 2673 1375 2738 studet
1404 2695 1508 2762 nequa
1542 2677 1610 2740 eius
1633 2676 1836 2744 narrationes
1862 2679 2025 2748 breviores

217 2793 293 2852 suut
317 2805 414 2872 quarn
439 2784 552 2849 urcei.
598 2782 723 2856 Omnia.
753 2804 824 2870 quae
850 2783 888 2848 G.
912 2804 987 2868 pag.
1013 2783 1054 2845 27
1079 2781 1118 2844 de
1143 2779 1263 2864 Scytha
1285 2783 1498 2870 grandiloquo
1523 2791 1557 2847 et
1581 2785 1708 2871 loquaci
1736 2786 1821 2868 dicit,
1852 2807 1929 2852 vera
1954 2809 2027 2855 esse

216 2899 308 2980 puto.
332 2929 375 2938 -
398 2891 514 2956 Nonne
536 2891 793 2985 igitur'apparet
816 2889 995 2954 Lucianum
1019 2891 1098 2955 nihil
1130 2891 1219 2956 aliud
1250 2913 1357 2978 agere,
1386 2892 1448 2957 uisi
1478 2899 1515 2956 ut
1543 2891 1651 2957 libello
1684 2914 1743 2974 suo
1769 2894 1967 2960 oblectemur
1991 2909 2026 2962 ct

217 3022 289 3066 cum
323 2999 445 3085 gaudio
473 2997 600 3063 fabulas
630 2998 801 3080 legamus?
848 2996 980 3062 Minime
1009 2998 1079 3062 vult
1109 3019 1170 3062 nos
1203 2999 1309 3064 onrnia
1338 3019 1373 3064 re
1396 3019 1473 3062 vera
1501 2998 1548 3062 ita
1575 2999 1662 3063 iacta
1689 3021 1762 3065 esse
1790 3009 1827 3066 ut
1854 3010 2026 3070 narrantur

216 3117 342 3196 putare,
365 3109 484 3172 amieos
507 3106 578 3170 illos
602 3106 862 3190 praeclarissimos
887 3103 1034 3168 admirari
1058 3104 1239 3190 dignosque
1262 3125 1343 3192 quos
1368 3105 1530 3168 imitemur
1560 3104 1686 3170 ducere.
1733 3106 1840 3172 Multa
1868 3129 1945 3174 vcro
1974 3109 2027 3176 hic

221 3213 260 3279 G.
282 3214 428 3297 protulit,
459 3211 576 3299 quibus
603 3211 752 3276 assentiri
775 3232 834 3276 nos
859 3231 991 3275 necesse
1016 3217 1076 3290 est,
1101 3209 1158 3275 sed
1181 3217 1306 3274 tantum
1330 3209 1433 3284 abest,
1464 3217 1501 3275 ut
1532 3231 1571 3276 ea
1599 3231 1670 3298 quae
1699 3213 1774 3278 inde
1804 3215 2026 3282 concludenda

220 3340 292 3386 esse
324 3319 386 3386 sibi
421 3318 583 3405 persuasit
617 3325 717 3404 atque
740 3338 812 3403 quae
835 3338 903 3382 rem
937 3337 1034 3404 porro
1066 3324 1206 3382 tractans
1239 3316 1352 3381 scribit
1382 3315 1557 3405 probanda,
1592 3326 1630 3382 ut
1661 3326 1775 3384 contra
1807 3319 1892 3387 haud
1922 3343 2026 3408 pauca

217 3427 394 3492 refellenda
419 3424 597 3490 videantur.

379 3533 417 3598 Ia
441 3532 580 3614 singulis
604 3531 687 3596 euim
712 3530 897 3596 enarrandis
921 3531 1024 3596 molta
1042 3552 1115 3596 esse
1135 3535 1268 3618 peccata
1292 3530 1331 3594 G.
1354 3529 1510 3598 videat-ur.
1545 3531 1622 3598 dam
1646 3533 1756 3620 primae
1776 3535 2027 3600 narratiuncula

220 3639 352 3704 offendit
376 3641 410 3705 iu
434 3637 540 3703 verbis
569 3638 612 3716 (a.
640 3640 695 3716 12)
725 3642 815 3721 μόνος
846 3633 906 3722 μετ’
937 3634 1055 3702 ἐκείνων
1084 3635 1221 3721 ἑκόιμαξε
1247 3637 1403 3700 λανθάνειν
1431 3640 1611 3722 πειρώμενος
1640 3643 1688 3704 τόν
1712 3635 1920 3721 ’Agathoclea
1955 3663 2028 3724 qum

222 3755 402 3830 repugnent
433 3745 479 3810 eis
513 3765 584 3828 quas
615 3753 711 3808 autea
738 3744 826 3808 dicta
857 3745 921 3808 siut
954 3743 1171 3830 Agathoclem
1201 3765 1221 3808 a
1248 3741 1346 3810 Dinia
1377 3765 1441 3808 non
1473 3744 1573 3831 pluris
1603 3747 1797 3812 estimatum
1828 3768 2025 3834 essequam

220 3857 348 3915 ceteros
370 3851 565 3916 adulatores.
610 3849 708 3914 Hunc
731 3851 837 3916 locum
861 3849 931 3914 iure
959 3853 1082 3915 moneri
1114 3851 1197 3917 aG.
1227 3871 1291 3916 non
1321 3857 1412 3938 pute.
1457 3851 1658 3936 Agathocles
1691 3860 1724 3916 et
1755 3851 1868 3919 Diniae
1900 3854 1975 3920 inde
2008 3877 2028 3920 a

219 3957 330 4044 pueris
354 3957 538 4022 amicissimi
566 3964 673 4040 erant,
705 3956 898 4022 adulescens
929 3962 1037 4022 autem
1062 3955 1176 4022 Diniae
1204 3957 1341 4022 luxuries
1369 3977 1440 4020 curn
1471 3958 1635 4022 nonnullis
1665 3961 1736 4024 aliis
1766 3960 2027 4028 adulescentibus

217 4085 255 4130 sa
279 4064 356 4130 dara
380 4064 474 4152 coepit
495 4072 529 4131 et
552 4065 640 4129 inter
661 4065 808 4128 couriria
832 4064 1005 4129 amicitiam
1030 4063 1221 4148 Agathoclis
1252 4063 1372 4129 oblitus
1400 4063 1483 4128 hune
1513 4085 1578 4129 non
1608 4066 1670 4130 iam
1693 4066 1794 4152 pluris
1817 4065 1906 4131 ducit
1931 4089 2027 4153 quarn

219 4178 426 4258 compotores
451 4193 542 4254 suos,
565 4172 662 4236 immo
686 4191 764 4236 vero
789 4193 860 4236 cum
884 4170 1086 4254 Agathocles
1110 4171 1243 4256 incipiat
1265 4169 1394 4235 Diuiam
1419 4171 1604 4252 admouere,
1635 4180 1671 4237 ut
1698 4172 1740 4237 ab
1771 4173 1823 4238 his
1847 4173 2027 4240 libidinosis

219 4277 440 4364 voluptatibus
464 4276 626 4342 abstineat
649 4297 755 4362 neque
778 4277 908 4342 divitias
933 4285 1068 4360 epatre
1092 4297 1163 4340 curn
1187 4276 1298 4342 labore
1322 4285 1429 4366 partas
1453 4285 1521 4342 tam
1544 4285 1666 4343 temere
1691 4278 1845 4360 effundat,
1870 4279 1921 4344 hic
1944 4282 2024 4346 arni·

220 4403 291 4448 cum
314 4405 418 4464 suum,
442 4392 479 4449 ut
502 4386 654 4449 molestas
678 4384 926 4449 adhortationes
952 4383 1098 4467 effugiet,
1122 4382 1232 4448 evitat.

379 4492 493 4576 Neque
517 4491 622 4556 minus
646 4511 709 4554 nou
732 4491 828 4576 plane
851 4490 1018 4576 probanda
1042 4488 1201 4570 videntur,
1231 4510 1301 4574 ηοω
1326 4489 1366 4555 G.
1389 4489 1503 4554 deiude
1528 4488 1613 4555 dicit.
1659 4489 1743 4554 Tum
1772 4491 1881 4570 etiam,
1912 4491 2028 4576 inquit,

221 4595 281 4662 hoc
302 4599 412 4685 inepte
434 4598 544 4662 fictum
575 4604 635 4674 est,
670 4595 758 4684 quod
787 4597 919 4683 parasiti
950 4595 980 4660 id
1010 4595 1176 4660 studuisse
1206 4603 1386 4674 narrantur,
1419 4606 1457 4659 ut
1486 4615 1597 4660 amore
1629 4595 1805 4661 Chariclen
1836 4594 1948 4662 Diuiss
1980 4598 2028 4662 in·

219 4703 426 4781 scederetur,
456 4724 530 4766 narn
553 4724 624 4767 cunr
649 4723 760 4768 eorum
783 4704 967 4783 interesset,
998 4709 1035 4767 ut
1063 4701 1125 4788 ipsi
1149 4723 1245 4788 quam
1270 4703 1427 4768 maximas
1451 4701 1492 4766 ab
1517 4723 1555 4768 eo
1580 4702 1704 4789 praedes
1736 4703 1891 4784 iacerent,
1925 4705 2028 4770 stulte

217 4808 368 4896 agebant,
399 4809 427 4872 si
456 4809 576 4874 sociam
599 4811 679 4874 lueri
702 4810 788 4875 ultro
821 4809 1017 4894 querebant.
1064 4807 1129 4874 Sed
1152 4811 1208 4874 vix
1237 4810 1339 4874 stulte
1371 4819 1510 4896 egerunt
1543 4811 1727 4875 adulatores
1760 4810 1806 4874 illi
1839 4810 1901 4875 hoc
1931 4811 2028 4878 modo

217 4935 332 4981 causas
363 4938 440 4981 suas
472 4936 546 4981 cum
575 4913 740 4983 Charicles
772 4918 1060 5000 communicantes;
1095 4937 1169 4980 nam
1203 4917 1267 4982 iarn
1299 4916 1439 4980 maiores
1471 4915 1598 5002 praedas
1629 4935 1728 4998 agere
1759 4923 1899 5002 possunt
1931 4939 2032 5002 quam
