4574 5676
247 379 267 442 e

248 570 290 646 ὡς
312 578 373 660 χρὴ
397 583 457 644 τοῖς
480 575 576 660 φίλοις
600 569 718 658 ἁπάσης
741 584 794 658 τῆς
816 576 909 658 rippa
932 582 1089 648 κοινωνεῖν,
1112 576 1165 636 καί
1189 569 1247 638 ὑπὸ
1263 571 1388 639 Σκυθῶν
1411 587 1466 638 τῶν
1482 573 1607 659 ἀρίστων
1629 577 1862 660 deportabantur.
1901 576 2058 644 Extrema

247 683 344 748 huius
367 683 526 747 enuntiati
540 678 638 746 verba
661 683 713 742 καί
737 729 744 744 .
768 731 776 746 .
800 725 809 740 .
834 730 841 744 .
865 729 873 746 .
896 681 1122 762 reparabantur
1145 683 1202 764 eis,
1231 703 1303 768 quse
1326 683 1529 764 antecedunt,
1551 706 1702 772 peruerse
1725 685 1876 750 adiuncta
1896 706 1969 750 esse
1992 687 2056 751 iam

248 790 303 856 diu
326 790 387 854 viri
410 788 496 854 docti
524 787 752 874 probauerunt
799 786 982 852 Jacobitius
1013 787 1054 852 ad
1083 789 1191 853 locum
1222 788 1461 856 defendendum
1491 791 1602 856 attulit
1630 790 1729 855 verba
1757 811 1785 856 c.
1815 793 1853 856 21
1888 791 1989 857 libelli
2015 791 2057 858 de

246 897 415 981 Peregrini
438 903 544 960 morte
567 892 686 965 ἀνοῖξαι)
703 897 758 976 γὰρ
773 899 861 978 μόνον
876 897 908 956 τό
922 897 1019 978 στόμα
1034 896 1086 956 καί
1100 889 1208 958 αότίκα
1222 897 1361 958 τεθνάναι
1382 903 1481 979 etque
1504 897 1671 964 adnotavit
1697 919 1758 980 ‚ex
1781 899 1994 965 antecedente
2014 897 2056 971 ὡς

246 1008 306 1088 χρή
323 1002 524 1087 cogitatione
539 1000 581 1065 ad
597 1001 664 1065 haec
678 999 883 1080 (Toxaridis)
897 999 996 1064 rerba
1009 1000 1090 1065 adde
1108 997 1149 1072 ὡς
1163 1001 1283 1066 δυνατόν
1304 999 1379 1066 ἐστιν
1401 1012 1435 1069 et
1457 1003 1582 1070 videbis
1596 1003 1696 1070 uerba
1719 1006 1840 1093 optime
1862 1006 2055 1072 cohaerere“.

248 1109 313 1175 Sed
336 1110 397 1174 hoc
428 1108 526 1173 modo
558 1109 663 1174 locum
695 1105 823 1172 minime
854 1107 962 1173 sanari
995 1106 1034 1172 G·
1064 1115 1153 1174 recte
1182 1109 1288 1176 docet.
1334 1110 1459 1195 ltaque,
1489 1111 1550 1176 nisi
1580 1111 1667 1176 forte
1697 1131 1769 1176 cum
1797 1111 1918 1178 Solane
1949 1116 2055 1180 locum

248 1217 377 1282 omnino
393 1237 458 1280 non
474 1214 622 1300 intellegi
636 1233 735 1300 posse
750 1221 869 1300 putare
883 1215 1041 1294 volumus,
1064 1213 1096 1278 id
1112 1223 1238 1280 tautum
1253 1224 1369 1294 restat,
1383 1223 1419 1281 ut
1432 1215 1559 1282 laccho
1575 1219 1799 1300 assentiamur,
1817 1221 1872 1303 qui
1890 1221 1988 1286 rerba
2006 1223 2055 1286 its

247 1324 344 1390 scribi
367 1325 438 1388 vult
462 1371 628 1388 ......
660 1326 744 1384 τοῦτό
774 1318 858 1392 ἐστιν,
891 1319 933 1383 ότι
962 1319 1030 1406 ἡμῖν
1063 1319 1167 1392 ἔδοξαν
1198 1323 1279 1408 pilot
1310 1317 1388 1385 οὗτοι
1419 1323 1456 1408 δὴ
1486 1321 1599 1404 ἄριστοι
1628 1321 1761 1386 ἁπάντων
1783 1329 1971 1412 γεγενῆσθαι,
2001 1331 2055 1390 καί

245 1441 427 1518 καταοτῆναι
452 1479 458 1492 .
484 1479 491 1492 .
516 1479 523 1491 .
549 1431 629 1492 ,καί
654 1478 660 1488 .
685 1477 692 1490 .
718 1478 724 1490 .
751 1476 758 1490 .
784 1429 1018 1510 θεραπεόεαόαι.

405 1537 514 1604 Verba
543 1559 569 1601 c.
599 1538 619 1600 3
650 1535 754 1615 γελοία
782 1537 838 1616 γὰρ
869 1532 905 1596 ἄν
931 1541 1022 1596 ταῦτα
1053 1533 1146 1604 δόξειε
1175 1537 1228 1597 καί
1258 1529 1414 1598 ὑπεναντία
1444 1545 1505 1606 τοῖς
1536 1537 1628 1598 παλαι
1658 1538 1741 1602 male
1764 1536 1805 1602 ad
1829 1539 2055 1606 antecedentia

247 1646 380 1730 adiungi
403 1644 533 1724 iudicat,
558 1664 629 1706 cum
653 1643 700 1706 eis
723 1641 805 1705 nihil
828 1642 903 1706 novi
926 1641 1072 1716 addatur,
1095 1641 1154 1706 sed
1176 1663 1268 1727 paeue
1290 1642 1378 1708 idem
1401 1649 1579 1726 repetatur.
1625 1641 1689 1708 Sed
1713 1645 1752 1708 G.
1782 1665 1847 1710 non
1871 1649 2051 1712 consentio.

248 1753 438 1839 hinesippus
462 1751 538 1814 dicit
560 1771 619 1836 per
647 1750 752 1813 iocum
783 1748 883 1812 videri
907 1747 1046 1830 Scythas
1069 1747 1218 1814 Orestem
1247 1757 1281 1812 et
1305 1745 1463 1832 Pyladem
1489 1749 1575 1814 'deos
1604 1749 1734 1814 credere
1762 1759 1935 1838 propterea
1965 1755 2053 1839 quod

246 1863 276 1924 ei
301 1866 429 1924 eterra
453 1855 646 1938 Scytharum
676 1855 755 1920 deos
779 1856 908 1920 auferre
937 1857 1009 1920 ausi
1037 1857 1103 1920 sint
1132 1857 1175 1934 (c.
1205 1849 1310 1930 κεῖτ’,
1343 1852 1434 1940 οἶμαι,
1466 1853 1527 1916 ἀντὶ
1558 1867 1614 1918 τῶν
1641 1858 1720 1920 θεῶν
1748 1853 1882 1920 ἁπάντων
1910 1861 1978 1930 τοὺς
2006 1857 2051 1922 ἐπ’

230 1966 380 2047 ἐξαγωγῇ
404 1960 498 2026 αὐτῶν
521 1961 648 2050 ἥκοντας
676 1961 786 2044 ἄνδρας
809 1960 979 2024 ἐκθειάσετε
1001 1965 1054 2024 καί
1076 1958 1241 2044 ἱεροοόλοις
1270 1957 1351 2046 ὑμῶν
1381 1963 1488 2024 tussa
1520 1957 1561 2032 ὡς
1591 1963 1701 2042 θεοῖς),
1733 1965 1828 2029 aliam
1859 1985 1988 2032 causam
2017 1985 2053 2032 se

246 2073 436 2154 intellegere
460 2091 524 2135 non
548 2091 660 2156 posse3
689 2071 717 2134 si
746 2089 798 2134 res
821 2069 869 2133 ite
899 2089 934 2133 se
965 2089 1028 2133 nou
1057 2067 1187 2148 habeat,
1218 2068 1304 2133 dicat
1327 2067 1465 2132 Toxaris
1489 2088 1599 2133 veram
1623 2089 1764 2145 causam,
1788 2091 1863 2134 nam
1886 2073 1947 2158 ipsi
1969 2073 2053 2138 hanc

247 2201 315 2244 rem
339 2177 504 2242 ridiculam
529 2185 563 2240 et
582 2177 717 2260 pristino
735 2173 927 2255 Scytharum
944 2175 1026 2239 mori
1048 2177 1238 2240 contrariam
1262 2175 1373 2241 videri.
1408 2174 1442 2241 Si
1467 2175 1596 2260 quidem
1619 2195 1659 2240 ec
1684 2175 1778 2240 modo
1803 2199 1868 2259 quo
1887 2178 1926 2244 G.
1944 2180 2050 2244 locum

245 2286 488 2372 explicaremus,
518 2283 606 2346 haud
636 2281 733 2346 dubie
762 2281 856 2350 nobis
884 2281 1057 2364 legendum
1081 2291 1180 2346 esset:
1213 2282 1316 2364 γελοῖα
1344 2281 1377 2344 δὲ
1406 2279 1442 2343 ἄν
1473 2288 1565 2343 ταῦτα
1594 2281 1687 2354 δόξειε
1721 2283 1782 2344 κτλ
1831 2281 1978 2370 Eumque
2006 2288 2053 2350 ita

244 2393 389 2456 sensisse
413 2391 519 2454 elucet
543 2409 585 2453 en
607 2389 677 2453 eius
700 2389 969 2474 interpretatione
991 2388 1068 2452 loci:
1106 2389 1152 2468 ¹,si
1175 2409 1241 2458 ecs.
1273 2389 1388 2474 quibus
1412 2395 1511 2452 antea
1540 2409 1605 2452 non
1635 2389 1872 2454 sacrificavistis
1902 2398 1940 2455 ut
1971 2391 2050 2470 deis,

246 2519 330 2562 nunc
352 2498 442 2562 nullo
468 2495 624 2562 beneficio
648 2503 782 2582 accepto
807 2497 1011 2560 econtrario
1035 2495 1115 2559 deos
1140 2515 1212 2558 esse
1235 2495 1365 2559 creditis
1389 2495 1617 2576 sacrificiisque
1639 2494 1755 2575 colitis,
1787 2531 1831 2544 -
1854 2498 2049 2562 contrarium

244 2605 370 2668 iacietis
394 2605 433 2684 ei,
458 2602 545 2686 quod
569 2608 668 2668 antea
691 2601 798 2666 iacere
821 2601 1009 2666 solebatis“.

403 2710 465 2774 His
488 2709 626 2795 prolatis
651 2707 690 2772 G.
713 2708 864 2792 exempla
895 2709 1051 2794 congerit,
1083 2707 1199 2792 quibus
1223 2710 1362 2773 alterum
1390 2709 1470 2774 illud
1493 2709 1606 2774 vitium
1630 2709 1793 2794 scriptoris
1816 2712 1982 2796 proprium
2005 2749 2049 2758 —

244 2817 445 2906 gravioribus
469 2817 517 2879 ita
540 2814 717 2899 adiungere
740 2814 826 2878 levia
848 2815 941 2896 solet,
964 2823 1001 2878 ut
1024 2835 1131 2878 rerum
1155 2814 1331 2902 descriptio
1352 2816 1462 2902 inepta
1484 2817 1526 2880 sit
1549 2851 1592 2863 —
1615 2817 1767 2900 cognosci
1791 2818 1870 2880 vult.

403 2925 546 2989 Primum
583 2922 711 3004 quidem
742 2923 915 3006 vituperat,
952 2922 1040 3005 quod
1069 2943 1095 2987 c.
1121 2925 1138 2986 'l
1170 2923 1371 3007 gravioribus
1402 2919 1459 2987 oda
1489 2921 1660 3006 ἀνθρώπινα
1689 2931 1781 2985 ταῦτα
1810 2921 1954 3010 ὼῄθημεν
1978 2922 2051 2987 εἶναι

242 3053 340 3120 praue
363 3031 535 3096 subiuncta
557 3029 621 3093 siut
644 3026 769 3092 leviora
790 3025 886 3105 (ἀλλα
908 3050 984 3098 τινος
1006 3033 1124 3115 γνώμης
1148 3031 1181 3110 βε
1202 3032 1311 3108 πίονος)
1334 3028 1353 3114 ἢ
1376 3033 1455 3092 κατὰ
1477 3031 1544 3100 τοὺς
1567 3030 1695 3100 πολλοὺς
1720 3032 1839 3100 τοότονς
1859 3028 2048 3113 ἀνθρώποις.

243 3138 273 3200 οἳ
305 3137 367 3198 κτλ.
413 3135 478 3200 Pro
514 3154 579 3199 uno
614 3140 743 3198 tantum
778 3134 936 3200 uocabulo
972 3134 1013 3201 ad
1045 3157 1113 3201 rem
1147 3139 1325 3223 simplicem
1360 3137 1598 3222 significandam
1621 3137 1785 3202 Lucienus
1820 3139 1921 3202 multa
1950 3137 2050 3204 rerba

242 3242 405 3326 exhibuit3
440 3262 535 3327 quem
568 3262 661 3306 usum
692 3260 766 3304 eum
794 3240 962 3307 adamasse
991 3242 1139 3308 omnibus
1173 3246 1228 3328 qui
1258 3245 1379 3328 scripta
1409 3245 1616 3333 perlegerunt
1644 3253 1756 3309 uotum
1780 3252 1840 3309 est.
1859 3231 1865 3250 ⁸
1885 3244 2050 3310 Praeterea

223 3339 435 3416 'monendum
461 3356 511 3414 eet
535 3349 657 3414 multos
680 3349 769 3413 locos
798 3348 885 3434 apud
908 3349 1087 3414 Lucicnum
1119 3359 1241 3429 extare,
1274 3351 1390 3433 quibus
1419 3359 1476 3415 aut
1503 3352 1627 3416 leviora
1654 3357 1730 3435 post
1760 3351 1913 3433 graviora
1941 3353 2049 3437 posite

242 3465 299 3521 aut
322 3457 443 3522 leviora
466 3464 499 3520 et
523 3457 674 3540 graviora
690 3455 856 3519 conmixta
869 3457 1032 3541 leguntur.
1066 3459 1212 3522 Alteram
1229 3458 1289 3523 hos
1304 3465 1444 3523 tantum:
1476 3457 1574 3523 Rhet.
1588 3478 1681 3543 praec.
1696 3459 1738 3522 23
1754 3457 1853 3540 ληρεῖν
1868 3455 1887 3543 ἢ
1902 3453 2048 3540 ἐπιορκεῖν

240 3562 481 3649 ἢλοιδορεῖοθαι
504 3559 705 3646 lotapatae
720 3559 740 3646 ἢ
754 3561 924 3645 patientius.
961 3562 1090 3627 Charon
1108 3568 1143 3630 ll
1168 3560 1202 3626 od
1217 3567 1273 3647 γὰρ
1289 3562 1380 3627 οἶσθα
1403 3562 1468 3628 ‘dact
1491 3565 1616 3648 πόλεμοι
1639 3564 1687 3626 διὰ
1709 3571 1792 3626 τοῦτο
1816 3567 1869 3626 παὶ
1893 3561 2050 3645 ἐπιβουλαὶ

239 3674 293 3733 καὶ
324 3671 470 3754 λῃστήρια
498 3671 550 3730 καί
581 3665 728 3750 ἐπιορκίαι
757 3671 810 3729 καί
840 3672 923 3754 ρόνοι
950 3671 1002 3730 καὶ
1032 3668 1127 3754 δεσμὰ
1150 3674 1202 3732 καὶ
1226 3672 1317 3741 πλοῦς
1341 3675 1458 3755 μακρὸς
1480 3674 1533 3732 καί
1555 3668 1693 3755 ἐμπορίαι
1716 3673 1769 3733 καί
1791 3669 1935 3754 δουλείας
1966 3671 2050 3738 Gall.

241 3783 284 3845 20
308 3778 471 3847 δοιλείνοας
495 3777 647 3857 deodate!
669 3779 722 3838 mi
752 3777 855 3860 πένησι
886 3779 938 3838 καὶ
962 3778 1001 3838 al
1020 3781 1121 3845 ναίοις.
1168 3777 1298 3843 Phalar.
1322 3777 1347 3858 I,
1371 3781 1391 3842 8
1420 3775 1518 3859 ἄγριον
1541 3780 1593 3840 καί
1617 3775 1761 3861 ἀνήμερον
1785 3775 1943 3860 ἄνθρωπον
1967 3775 2049 3840 εἶναι.

240 3889 336 3952 Alex.
360 3891 380 3949 4
404 3881 563 3954 ἀλεξίκακε
585 3879 746 3964 Ἡράκλεις
768 3885 821 3945 καί
844 3879 898 3944 zet
929 3881 1109 3965 ἀποτρόπαιε
1138 3887 1191 3946 καί
1215 3880 1392 3965 Διόσκουροι
1424 3893 1564 3970 σωτῆρες.
1596 3921 1639 3934 -
1668 3882 1743 3946 Huc
1773 3889 1921 3966 spectant
1948 3906 1974 3947 c.
2008 3887 2048 3950 19

240 4013 372 4079 quoque
393 3991 462 4054 hec
483 3990 583 4054 verba
606 3995 773 4074 πνιγόμενον
795 3993 848 4051 καί
871 3995 955 4074 μόγις
986 3987 1088 4053 ἑαντὸν
1118 3985 1301 4074 harpagum
1330 4012 1389 4077 pro
1419 3988 1535 4073 quibus
1564 3990 1683 4055 rectius
1713 3988 1881 4055 utendum
1912 4011 1984 4056 esse
2008 3991 2047 4057 G.

239 4099 423 4165 videbatur:
457 4101 543 4181 pop:
566 4093 669 4160 ἑαυτὸν
692 4092 875 4181 ὑπερέχοντα
897 4099 950 4158 καί
973 4101 1150 4180 πνιγόμενον.

399 4205 472 4269 Non
504 4205 627 4270 minore
657 4205 774 4270 iniuria
803 4203 843 4270 G.
874 4203 1039 4269 offendere
1069 4203 1144 4268 mihi
1172 4202 1300 4268 videtur
1327 4203 1360 4268 in
1391 4223 1417 4266 c.
1442 4204 1470 4280 l,
1502 4201 1598 4285 quod,
1626 4209 1799 4289 postquam
1831 4223 1851 4266 a
1881 4201 2046 4268 Toxaride

240 4315 338 4398 longe
360 4313 494 4399 lateque
518 4311 638 4376 dictum
661 4313 715 4376 sit:
753 4312 833 4390 ‚hoc
857 4313 942 4376 enim
966 4311 1047 4376 scias
1071 4310 1213 4375 amicitia
1234 4306 1512 4390 maiusaScythis
1536 4309 1615 4374 nihil
1638 4309 1825 4388 existimari,
1849 4327 1956 4392 neque
1971 4329 2046 4374 esse

240 4421 420 4503 quicquam,
443 4420 475 4482 in
502 4438 567 4504 quo
590 4419 691 4503 magis
716 4419 905 4502 glorientur,
930 4438 1025 4501 quam
1050 4418 1078 4482 si
1099 4417 1272 4502 participes
1296 4415 1510 4502 periculorum
1525 4417 1633 4481 amieis
1651 4436 1686 4480 se
1707 4415 1919 4500 prebueriut;
1950 4435 2046 4501 prop·

240 4534 331 4590 terea
354 4523 504 4590 Orestem
528 4532 563 4588 et
585 4523 743 4608 Pyladem
767 4525 915 4604 colimus,
944 4545 1017 4588 oum
1045 4523 1302 4609 prestantissimi
1336 4521 1457 4588 luerint
1488 4522 1520 4588 iu
1550 4522 1606 4602 eis,
1636 4543 1707 4606 quae
1738 4521 1825 4586 bona
1851 4519 2047 4606 Scytharum

238 4631 348 4713 sunt“,
370 4631 478 4697 denuc
502 4631 542 4696 ad
564 4632 748 4696 satietatem
770 4637 939 4715 repetatur
960 4633 1014 4692 καί
1037 4627 1067 4692 ἐν
1088 4630 1171 4716 aare
1193 4629 1386 4710 διενεγκότας,
1412 4630 1558 4711 ὃπρῶτον
1580 4627 1666 4714 ἡμεῖς
1686 4625 1822 4692 ἁπάντων
1840 4631 2046 4714 θαυμάζομεν,

238 4735 422 4818 Elegantia
445 4759 522 4804 vero
546 4758 611 4804 non
636 4744 686 4801 est
710 4738 839 4802 easdem
862 4758 913 4802 res
930 4738 1048 4802 iterum
1064 4745 1164 4822 atque
1179 4739 1295 4803 iterum
1320 4737 1434 4810 dicere,
1457 4736 1516 4802 sed
1540 4735 1625 4821 quod
1648 4757 1713 4800 uon
1736 4737 1905 4821 eleganter
1927 4736 2046 4802 dictum

238 4851 289 4910 est
311 4865 331 4909 a
354 4844 489 4910 Luciani
512 4865 573 4909 usu
597 4843 724 4909 dicendi
746 4845 919 4909 abhorrere
942 4844 1139 4909 contendere
1162 4864 1227 4908 non
1251 4844 1336 4908 licet.
1382 4843 1465 4908 Nam
1488 4843 1628 4908 hicnon
1652 4849 1703 4908 est
1732 4845 1820 4910 eolus
1850 4845 1949 4922 loeus,
1979 4864 2046 4926 quo

236 4952 400 5017 Lucienus
430 4959 494 5016 tam
525 4951 656 5038 copiose
689 4957 722 5014 et
753 4949 953 5015 abundanter
981 4949 1132 5035 loquitur,
1167 4951 1224 5015 sed
1255 4950 1340 5014 hunc
1363 4969 1455 5014 usum
1479 4969 1625 5037 persepe
1647 4949 1730 5036 apud
1755 4971 1831 5015 eum
1854 4949 2046 5014 invenimus.
