4574 5676
241 413 259 469 4

239 600 442 668 subeundum
472 623 537 666 non
567 603 647 666 satis
680 601 857 664 instructus
887 601 948 666 aim
978 619 1102 683 vereor,
1132 602 1242 668 conari
1272 609 1381 668 tamon
1408 603 1502 668 velim
1531 601 1784 689 Gutteutagium
1816 625 1882 671 non
1918 625 2049 691 semper

240 715 328 774 recte
352 708 515 774 iudicasse
538 707 769 773 demonstrare.

399 815 542 880 Primum
573 814 700 900 quidem
732 813 772 878 G.
806 813 906 877 verba
938 834 1042 898 pauca
1079 813 1119 878 de
1149 813 1269 898 dialogi
1301 821 1494 900 argumento
1526 822 1560 879 et
1592 815 1807 903 dispositione
1839 817 1925 881 iacit.
1972 815 2046 880 Jam

240 944 314 1008 pag.
338 925 357 986 2
381 922 489 986 locum
512 927 633 996 monet,
658 940 721 1003 quo
745 920 936 1004 scriptorem
960 941 1112 1002 peccasse
1135 919 1311 986 contendit.
1356 919 1492 986 'I'oxaris
1517 922 1613 1004 enim,
1636 927 1811 1009 postquam
1835 921 2047 987 disertissime

241 1028 401 1115 exposuit
424 1049 481 1092 cur
504 1035 538 1092 et
562 1048 627 1112 qua
649 1025 774 1090 ratione
799 1024 927 1108 Scythae
942 1025 1091 1091 Orestem
1117 1033 1150 1091 et
1167 1025 1322 1110 Pyladem
1346 1027 1499 1107 colerent,
1524 1029 1678 1115 proponit
1693 1028 1873 1116 Mnesippo,
1897 1037 1935 1094 ut
1959 1039 2047 1094 uter·

241 1156 304 1217 que
328 1137 471 1219 quinque
494 1135 586 1219 paria
598 1131 775 1196 amicorum
800 1153 867 1196 sues
890 1134 997 1217 gentis
1011 1133 1164 1218 proferat,
1188 1140 1225 1196 ut
1239 1133 1458 1217 intellegatur,
1484 1141 1591 1198 utrum
1605 1133 1692 1220 apud
1706 1133 1845 1218 Scythas
1859 1157 1898 1200 au
1915 1136 2045 1201 Graecos

241 1242 392 1307 meliores
423 1241 516 1305 amici
545 1240 763 1325 reperiantur3
796 1259 860 1323 quo
892 1240 926 1302 in
955 1241 1130 1303 certamine
1160 1237 1299 1323 Scythas
1329 1239 1449 1304 Graecis
1481 1242 1665 1325 superiores
1697 1243 1766 1306 lore
1797 1240 1952 1306 Toxaridi
1980 1243 2045 1306 iarn

240 1367 431 1430 persuasum
456 1355 506 1410 est
527 1348 584 1427 ita,
613 1357 648 1409 ut
670 1355 787 1432 pergat
810 1341 952 1427 ὁπότερος
974 1395 982 1407 .
1008 1397 1014 1410 .
1040 1391 1048 1406 .
1074 1395 1080 1408 .
1106 1343 1244 1430 ἀμείνους
1267 1349 1460 1431 παράσχηται
1482 1347 1550 1417 τοὺς
1573 1347 1687 1432 pileus,
1719 1343 1809 1417 cerda
1836 1369 1866 1410 τε
1888 1351 2048 1434 νενικηκὼς

241 1453 321 1517 ἔσται
351 1457 405 1516 καὶ
434 1459 485 1539 rip
517 1448 607 1515 αὑτοῦ
638 1450 824 1536 ἀνακηρῦξει,
857 1452 1012 1514 κάλλιστον
1044 1450 1142 1532 ἀγῶνα
1165 1455 1218 1514 καὶ
1240 1457 1415 1536 σεμνότατον
1438 1450 1665 1538 ἀγωνισάμενος·
1691 1449 1732 1523 ὡς
1755 1452 1845 1534 ἔγωγε
1868 1455 1944 1516 πολὺ
1967 1453 2049 1540 ἥδιον

241 1560 277 1623 ἄν
300 1583 349 1646 μοι
373 1561 453 1623 δοκῶ
476 1569 657 1645 μονομαχῶν
679 1557 818 1643 ἡττηθεὶς
842 1556 1051 1644 &modim
1074 1563 1125 1642 τὴν
1149 1557 1252 1629 δεξιάν,
1278 1555 1350 1640 ὅπερ
1372 1569 1427 1643 τῆς
1451 1556 1603 1645 Σκυθικῆς
1627 1557 1766 1644 ἐπιτίμιόν
1789 1558 1872 1642 ἐστιν,
1895 1559 1915 1644 ἢ
1938 1563 2048 1644 χείρων

241 1667 335 1731 ἄλλον
357 1670 435 1729 κατὰ
457 1667 555 1753 φιλίαν
578 1667 748 1748 κεκρίσθαι.
793 1665 843 1728 Ad
873 1665 941 1729 haec
964 1665 1003 1729 G.
1026 1665 1178 1730 adnotet:
1219 1665 1361 1744 „malle
1385 1686 1421 1730 se
1443 1667 1546 1750 igitur
1574 1665 1651 1730 dieit
1674 1665 1847 1748 (Toxaris)
1871 1667 2045 1732 cartamine

241 1776 395 1860 singulari
424 1776 510 1838 ricto
535 1773 681 1837 dextram
705 1773 874 1858 amputari,
905 1793 1023 1855 quarn
1048 1793 1085 1836 se
1107 1771 1140 1835 in
1163 1771 1303 1835 amicitia
1325 1772 1388 1835 alio
1413 1773 1560 1836 viliorem
1590 1773 1733 1854 iudicari,
1765 1794 1801 1838 ae
1825 1793 1901 1836 vero
1926 1773 2045 1836 vietum

241 1903 275 1946 re
298 1902 376 1946 vere
398 1879 430 1944 id
454 1880 522 1966 pati
545 1880 628 1943 valle
651 1899 716 1943 nou
741 1878 825 1943 dicit.
863 1877 1043 1942 Mirandum
1063 1885 1221 1963 praeterea
1245 1885 1305 1958 est,
1329 1877 1415 1962 quod
1441 1877 1629 1965 hlnesippus
1654 1889 1837 1964 μονομαχεῖν
1860 1900 1950 1958 voce,
1975 1899 2046 1962 quae

242 1991 282 2055 de
297 1990 484 2054 sistentem
499 1995 681 2068 usurpatur,
705 1987 760 2070 qui
776 1987 807 2049 in
824 1985 981 2068 singulari
997 2004 1108 2070 pugna
1123 1985 1218 2048 ermis
1234 1985 1442 2064 contendunt,
1467 1988 1670 2072 propositum
1689 1987 1730 2050 de
1747 1989 1858 2052 amicis
1875 1989 2046 2070 utriusque

241 2097 348 2178 gentis
371 2099 534 2159 certamen
557 2092 730 2174 significari
753 2091 943 2176 intellegit.“
979 2091 1027 2156 Re
1042 2111 1120 2154 vere
1143 2092 1250 2155 elucet
1274 2113 1342 2174 cap.
1360 2095 1395 2154 ll
1420 2091 1622 2178 hinesippum
1639 2101 1754 2178 putare
1771 2092 1924 2158 Toserim
1939 2093 2047 2158 verbis

216 2279 218 2284 Ι
241 2203 309 2266 suis
331 2200 495 2265 declarare
518 2220 554 2262 se
577 2199 754 2262 certamine
778 2197 820 2260 de
843 2197 951 2262 amicis
975 2197 1148 2280 utriusque
1171 2198 1278 2282 gentis
1301 2199 1468 2283 proposito
1489 2199 1607 2262 vietum
1632 2199 1777 2262 dextram
1801 2197 1861 2262 sihi
1883 2200 2047 2284 amputari

240 2327 411 2395 passurum
435 2326 516 2371 esse.
555 2303 672 2389 Itaque
695 2303 932 2369 concedendum
956 2311 1007 2368 est
1024 2303 1063 2367 G.
1086 2303 1148 2366 hoc
1171 2325 1232 2368 nou
1256 2305 1377 2369 iniuste
1400 2305 1594 2391 vituperare.
1633 2304 1697 2368 Sed
1721 2306 1819 2369 etiam
1843 2303 1917 2368 inde
1939 2305 2046 2368 elucet

243 2435 338 2498 quam
363 2410 527 2477 subtiliter
549 2413 579 2474 in
604 2411 792 2495 scriptorem
817 2411 971 2493 inquirat.
1003 2409 1147 2474 Primum
1172 2411 1300 2496 quidem
1323 2432 1389 2476 non
1411 2413 1529 2476 afferre
1553 2413 1723 2496 neglegam
1748 2433 1822 2476 eum
1844 2413 1898 2476 vix
1921 2414 1991 2476 iure
2013 2411 2047 2474 in

241 2523 425 2587 universum
450 2519 557 2584 dicere
579 2539 692 2582 vocem
716 2527 898 2601 μονομαχεῖν
921 2517 962 2581 de
986 2517 1033 2582 eia
1058 2525 1184 2582 tanturn
1208 2519 1363 2604 usurpari,
1390 2519 1445 2600 qrri
1467 2519 1498 2582 in
1522 2519 1677 2601 singulari
1707 2540 1818 2605 pugna
1847 2517 1943 2582 armis
1971 2537 2046 2581 eon-

241 2628 376 2693 tendant
406 2646 513 2711 neque
542 2626 602 2689 hac
625 2645 706 2688 soce
734 2624 1006 2688 concertationem
1031 2622 1200 2688 verborum
1230 2625 1403 2707 significari
1433 2645 1544 2710 posse.
1589 2625 1670 2690 Nam
1700 2625 1783 2689 hanc
1812 2626 1918 2710 ipsam
1947 2624 2046 2708 sigui·

240 2736 420 2800 ficationem
451 2732 613 2797 Lucienus
645 2729 776 2794 exhibet
806 2727 952 2794 Eunueh.
984 2731 1013 2808 3,
1049 2751 1114 2816 quo
1149 2730 1221 2794 loco
1256 2730 1296 2793 de
1326 2729 1528 2818 philosophis
1559 2732 1645 2796 inter
1673 2752 1709 2796 sa
1742 2729 1980 2815 disputantibus
2012 2736 2047 2793 et

240 2839 452 2907 clamantibus
475 2838 599 2902 dicitur.
644 2833 709 2900 Sed
733 2843 845 2900 nostro
874 2838 945 2901 loeo
977 2857 1052 2900 uum
1080 2841 1196 2921 putere
1226 2838 1321 2902 liceat
1352 2838 1452 2902 verbo
1482 2838 1563 2902 hanc
1594 2838 1864 2922 significationem
1895 2836 2047 2902 tribuisse

241 2951 429 3033 scriptorem
460 2947 530 3031 ipse
561 2943 686 3008 dubito.
731 2942 830 3007 Haud
859 2944 925 3008 scio
956 2963 996 3006 an
1030 2939 1070 3012 ὡς
1099 2943 1290 3008 vocabulum
1318 2945 1455 3029 primurn
1485 2945 1591 3009 locum
1627 2945 1786 3008 enuntiati
1819 2943 1969 3008 obtinens
2003 2943 2046 3008 ed

242 3056 339 3121 verba
354 3051 580 3119 antecedentia
594 3071 659 3116 non
675 3049 758 3114 bene
774 3049 918 3135 quadret.
955 3048 1106 3132 Scythem
1130 3050 1286 3116 dicentem
1311 3053 1496 3117 audiemus:
1519 3054 1555 3132 is,
1580 3055 1634 3135 qui
1658 3053 1819 3117 amicitias
1842 3051 2044 3138 pulchriores

241 3161 428 3242 sanaverit,
452 3159 594 3246 palmam
618 3157 718 3238 ieret;
742 3177 804 3238 ego
829 3157 962 3242 igitur
984 3157 1071 3221 malo
1095 3157 1173 3222 mihi
1195 3159 1341 3223 dextram
1364 3161 1525 3246 amputari
1554 3161 1729 3224 certamine
1758 3159 1916 3240 singulari
1947 3160 2045 3239 victo,

242 3289 339 3353 quam
369 3289 437 3352 seq.
482 3265 555 3330 Hoc
582 3265 656 3330 loco
684 3285 796 3328 vocem
826 3259 868 3334 ὡς
896 3265 992 3350 plane
1024 3267 1221 3351 superfluam
1249 3285 1322 3330 csse
1352 3287 1410 3351 pro
1438 3273 1527 3329 certo
1559 3265 1770 3330 statuendum
1800 3285 1873 3328 esse
1903 3270 1982 3348 puto
2013 3271 2047 3328 et

241 3377 388 3463 suspicor
409 3372 596 3460 particulam
621 3371 697 3434 olim
720 3391 785 3434 non
808 3379 884 3434 ante
908 3368 997 3451 ἔγωγε
1021 3370 1077 3434 aed
1102 3379 1178 3436 ante
1202 3383 1382 3457 μονομαχῶν
1406 3373 1509 3438 fuisse
1533 3379 1567 3437 et
1591 3373 1798 3456 neglegentia
1828 3372 1946 3437 librarii
1969 3374 2044 3437 loco

241 3504 301 3548 suo
325 3488 442 3546 motam
467 3499 551 3544 ease.
596 3476 779 3542 Difficultas
801 3477 862 3541 hnc
890 3477 954 3542 leni
982 3480 1164 3543 mutatione
1192 3481 1341 3545 solvitur.
1386 3477 1420 3544 Si
1454 3459 1538 3544 enim
1570 3481 1708 3563 legimus
1740 3477 1895 3562 Scytham
1925 3478 2046 3544 dicere:

245 3587 413 3672 „equidem
441 3586 549 3650 malim
578 3593 614 3647 ut
641 3583 745 3649 victus
778 3585 953 3648 certamine
980 3585 1136 3667 singulari
1170 3585 1286 3650 dextra
1316 3587 1443 3671 privari,
1483 3605 1579 3671 quam
1612 3587 1644 3650 in
1678 3585 1821 3648 amicitia
1852 3585 1915 3648 alio
1949 3585 2045 3650 vilior

240 3693 404 3771 iudicari“‚
434 3713 497 3756 non
522 3694 585 3756 iam
610 3692 725 3754 mirum
751 3690 913 3773 estquod
938 3690 1068 3754 Graecus
1100 3693 1169 3756 sire
1199 3693 1309 3773 iratus,
1341 3693 1493 3776 quoniam
1525 3689 1662 3756 Teneris
1694 3691 1743 3755 his
1772 3689 1878 3755 verbis
1908 3687 2047 3773 Scythas

241 3799 382 3865 amicitia
405 3797 525 3862 Graecis
549 3799 653 3861 multo
676 3805 831 3882 prestare
863 3797 925 3860 sibi
952 3817 1141 3881 persuasum
1173 3818 1245 3862 essa
1276 3799 1354 3862 satis
1383 3798 1523 3864 dilucide
1550 3798 1728 3884 profitetur,
1759 3797 1827 3860 sive
1858 3815 1916 3881 per
1941 3797 2047 3863 iocum

241 3905 429 3993 respondet:
453 3903 535 3968 hene
559 3904 674 3968 habet!
698 3903 740 3968 da
763 3903 839 3967 mihi
862 3903 957 3968 fidem
982 3913 1015 3966 te
1038 3905 1084 3966 ito
1108 3905 1277 3982 facturum,
1308 3925 1373 3990 ego
1397 3905 1480 3969 idem
1505 3906 1671 3992 polliceor.
1716 3903 1820 3966 lmmo
1844 3923 1922 3968 vero
1957 3905 2046 3988 quod

242 4015 281 4078 G.
305 4014 394 4078 dicit:
425 4013 540 4093 „malle
563 4032 598 4076 se
622 4011 698 4075 dicit
721 4009 782 4074 aihi
807 4011 893 4074 victo
917 4009 1064 4074 dextram
1087 4013 1256 4097 amputari,
1279 4031 1313 4076 re
1337 4033 1413 4076 vere
1436 4012 1468 4076 id
1490 4013 1558 4098 peti
1580 4012 1666 4075 velle
1690 4031 1753 4074 non
1777 4009 1871 4074 dicitl
1900 4019 1934 4075 at
1958 4011 2045 4095 quod

242 4119 376 4186 offendit
392 4121 423 4183 in
438 4117 545 4183 verbis
562 4116 704 4202 ᾒγείρων
728 4115 821 4179 ἄλλον
844 4119 922 4178 κατὰ
940 4118 1037 4202 palies
1056 4121 1224 4199 κεκρίσθαι,
1249 4139 1321 4182 curn
1345 4140 1408 4183 nou
1432 4118 1472 4182 de
1496 4139 1536 4181 ea
1559 4138 1594 4182 re
1615 4117 1822 4203 disceptetur,
1846 4125 1919 4182 uter
1933 4137 2044 4182 eorum

241 4229 362 4293 amicus
384 4227 593 4313 praestantior
615 4227 668 4306 eit,
698 4225 755 4290 sed
780 4233 888 4288 utrum
913 4223 1040 4307 scytha
1064 4225 1204 4288 amicitia
1226 4232 1381 4307 praestent
1411 4245 1449 4288 an
1479 4224 1593 4302 Graeci,
1625 4225 1688 4286 ism
1721 4243 1805 4287 nune
1835 4221 2046 4288 statuendum

241 4341 301 4415 est,
332 4335 415 4398 tales
438 4332 655 4416 indiligentiae
682 4333 802 4396 multas
832 4332 967 4395 inueniri
997 4329 1082 4411 apud
1106 4331 1293 4396 Lucienum.
1340 4329 1414 4408 Sed,
1446 4351 1519 4394 curu
1551 4329 1633 4394 inira
1664 4329 1704 4393 da
1734 4329 1794 4394 hoe
1827 4350 1888 4393 usu
1911 4329 2048 4393 Luciani

241 4439 333 4504 nobis
356 4438 527 4503 dicendum
550 4439 602 4517 sit,
624 4439 691 4501 iam
715 4438 808 4522 plura
831 4437 871 4500 ad
895 4437 978 4501 hunc
1002 4439 1108 4502 locum
1131 4437 1206 4501 addi
1230 4459 1294 4502 non
1319 4458 1453 4502 necesse
1479 4445 1540 4502 est.

399 4544 481 4609 Cum
511 4550 621 4608 autern
645 4543 765 4627 Scytha
796 4551 829 4608 et
863 4545 993 4609 Graecus
1024 4546 1057 4608 in
1086 4545 1148 4608 fine
1176 4544 1296 4628 dialogi
1324 4544 1354 4607 id
1386 4544 1471 4628 quod
1502 4543 1740 4608 constituerant
1774 4563 1838 4606 nou
1866 4543 2047 4628 perficiunt,

241 4652 281 4716 G.
305 4651 420 4736 quibus
444 4651 550 4716 verbis
573 4659 678 4715 toturn
702 4651 846 4715 libellum
871 4671 967 4732 quam
991 4653 1132 4716 maxime
1155 4651 1349 4715 condemnat
1372 4651 1426 4716 vix
1449 4651 1578 4736 reperit.
1616 4648 1711 4724 Quod
1729 4647 1890 4714 neminem
1916 4650 1945 4714 ei
1969 4671 2045 4714 con·

240 4759 361 4822 sentire
383 4767 473 4841 puto,
497 4758 649 4842 quoniam
672 4778 724 4822 rea
740 4757 795 4821 vix
816 4757 998 4843 pulchriore
1021 4757 1118 4822 modo
1142 4758 1225 4822 solvi
1247 4759 1365 4844 potuit.
1403 4759 1488 4823 Nurn
1503 4755 1749 4842 vituperandum
1774 4763 1825 4821 est
1850 4756 1937 4842 quod
1963 4757 2048 4823 alter

240 4864 381 4948 linguam
405 4863 489 4926 alter
511 4883 639 4928 manum
662 4884 726 4929 non
751 4861 903 4928 obserat?
949 4863 1072 4946 Scytha
1095 4871 1128 4928 et
1153 4865 1285 4930 Graecus
1316 4869 1516 4948 cognoscunt
1545 4872 1718 4948 utrumque
1749 4863 1908 4928 amicitias
1942 4863 2047 4928 claras

239 4971 385 5058 proferre
407 4989 505 5058 posse
527 4969 640 5057 itaque
663 4970 812 5035 desinunt
838 4971 925 5035 inter
946 4991 982 5034 ae
1006 4979 1192 5035 concertare
1216 4977 1249 5035 et
1273 4971 1446 5036 amicitiam
1471 4971 1596 5036 ineunt.
