4574 5676
1993 371 2013 434 9

365 565 404 631 lu
427 564 533 632 uerbis
556 569 597 652 μη
614 565 857 644 καταπλαγέντας
871 567 943 650 μήτε
958 563 1025 632 τοὺς
1039 563 1158 646 phion<
1171 566 1239 634 τοὺς
1252 560 1299 628 ἐπ’
1313 559 1391 648 αὐτῷ
1406 569 1478 650 μήτε
1496 570 1547 651 την
1567 569 1765 650 προσηγορίαν
1780 565 2013 637 καταδείσαντας

205 673 428 740 difficultatem
450 673 559 738 inesse
581 693 647 737 non
669 671 852 756 negandum
877 677 937 736 est.
984 669 1024 736 G.
1046 669 1154 756 igitur,
1184 692 1255 736 cum
1284 676 1326 758 μὴ
1352 673 1596 753 καταπλαγέντας
1623 673 1664 738 sd
1693 681 2011 762 utramquepartem

205 781 389 846 adiunctam
413 779 454 845 ad
477 780 544 850 τοὺς
568 779 684 865 μόθοος
712 785 745 843 et
775 777 816 844 ad
845 779 896 864 τὴν
926 781 1127 862 προσηγορίαν
1158 777 1363 842 referendum
1396 779 1448 860 sit,
1480 779 1713 851 καταδείσαντας
1742 801 1876 870 prorsus
1904 801 2013 870 super·

205 907 382 953 vacaneum
407 906 482 953 esse
504 893 625 954 censet.
670 883 734 952 Sed
758 887 799 970 μὴ
822 885 1065 964 καταπλαγέντας
1089 883 1129 948 ad
1151 885 1290 970 priorem
1322 891 1449 950 tentum
1478 894 1604 970 partem
1634 887 1716 964 (τοὺς
1739 887 1872 972 pithone)
1901 887 2014 966 reterri

206 993 349 1060 voluisse
373 995 562 1079 scriptorem
593 992 740 1080 intellegi
767 999 882 1080 potest
913 1013 954 1056 ex
984 991 1080 1056 ainrili
1109 991 1191 1070 loco,
1223 991 1277 1075 qui
1309 998 1400 1056 extat
1430 993 1604 1058 Anachars.
1636 993 1693 1058 38:
1739 997 1780 1080 μὴ
1811 996 2014 1076 καταγελάσαι

205 1103 283 1188 μηδὲ
305 1099 423 1165 ἐκείνων
446 1099 523 1188 μηδὲ
546 1098 664 1162 οἴεσθαι
688 1101 781 1184 μάτην
805 1107 900 1160 πονεῖν
924 1092 1040 1168 αυτοίις.

367 1207 462 1284 Quod
485 1227 511 1272 c.
535 1209 553 1270 4
578 1209 609 1272 in
634 1207 802 1271 enuntiato
830 1205 959 1275 cauco:
990 1202 1024 1266 ἄν
1055 1225 1101 1266 σοι
1125 1203 1296 1285 θειοτέρους
1324 1200 1442 1284 ἐκείνων
1476 1201 1661 1292 ἀποδείξαιμι
1688 1207 1755 1279 τοὺς
1784 1205 1932 1292 ἐμπόρους
1961 1213 2014 1272 καὶ

209 1316 337 1400 μαλιστα
364 1315 430 1385 τοὺς
460 1311 606 1383 Φοίνικας
637 1307 741 1387 αὐτῶν,
771 1307 826 1376 οὐκ
855 1308 898 1384 είς
926 1313 973 1374 τόν
1005 1315 1107 1374 πόντον
1137 1358 1298 1373 .....
1331 1308 1511 1382 ἐσπλέοντας
1537 1321 1616 1378 ante
1639 1309 1694 1376 ουκ
1717 1310 1759 1385 τίς
1782 1316 1935 1382 articulus
1959 1326 2015 1382 aut

209 1421 366 1506 particula
388 1417 439 1482 ἀπε
462 1419 674 1500 desideratur,
697 1439 773 1484 num
798 1419 840 1484 sit
864 1418 1036 1484 offensioni
1058 1415 1183 1482 dubito.
1219 1415 1300 1482 Nam
1327 1415 1381 1481 Du
1404 1415 1574 1483 Maecilius
1601 1441 1631 1506 p.
1657 1421 1698 1484 51
1722 1423 2014 1506 commentationis,

210 1549 280 1610 qum
303 1527 489 1593 inscribitur
506 1525 752 1608 1,ίδιοιιιυτιιτίσιη
777 1545 872 1609 quam
891 1523 1053 1588 Luciacus
1077 1522 1258 1608 inscriptis
1283 1523 1348 1588 suis
1373 1532 1503 1589 secutus
1529 1532 1589 1602 est,
1612 1527 1695 1592 rctio
1720 1548 1793 1593 cum
1807 1530 2012 1614 antiquorum

209 1634 390 1698 Atticorum
414 1633 539 1698 rationo
562 1633 784 1718 eomparaturl
813 1629 958 1696 ostendit
982 1629 1092 1693 multis
1114 1630 1195 1694 loeis
1219 1629 1391 1694 articulum
1415 1651 1435 1694 a
1460 1631 1603 1696 Lucieno
1628 1634 1782 1700 omissum
1806 1655 1888 1700 esse.

367 1737 405 1803 In
429 1739 535 1804 verbis
558 1761 584 1805 c.
608 1741 627 1803 6
651 1739 749 1801 πλέων
765 1731 910 1822 Ὀρέστης
933 1732 998 1821 ἅμα
1013 1746 1052 1819 τῷ
1068 1736 1154 1822 ρίλιρ,
1171 1734 1232 1799 εἶτα
1247 1769 1288 1782 -
1306 1736 1527 1823 διαφθαρείσης
1549 1773 1594 1787 -
1616 1749 1667 1826 της
1689 1743 1763 1812 νεὼς
1786 1743 2015 1829 συνειλημμένος

206 1847 259 1908 καὶ
282 1883 325 1896 -
348 1849 637 1932 παρεσκευασμένος,
665 1847 718 1908 καί
740 1841 761 1932 ἡ
784 1839 937 1930 Ἰριγὲνεια
959 1841 1018 1928 ἤδη
1041 1845 1224 1927 κατάρχεται
1251 1839 1364 1906 αὐτῶν
1391 1847 1566 1927 καταντικρὺ
1590 1845 1622 1908 δέ
1651 1881 1696 1895 -
1724 1845 1782 1934 ἤδη
1806 1845 2016 1920 ἐκδεδυκὼς

207 1953 244 2015 τὰ
259 1951 354 2038 δεσμὰ
377 1955 554 2036 γέγραπται.
570 1956 622 2016 καί
645 1953 808 2039 ponebar
822 1988 866 2001 -
879 1953 932 2014 καὶ
954 1949 1041 2022 τέλος
1064 1946 1325 2024 ἀποπλέοντες,
1350 1949 1468 2034 ἔχοντες
1485 1999 1491 2014 .
1508 2000 1516 2014 .
1533 2000 1539 2014 .
1557 2001 1564 2014 .
1579 1953 1652 2040 plus
1676 1954 1893 2039 neglegentia
1918 1977 2013 2039 quarn

208 2059 288 2124 artis
321 2059 428 2125 inesse
458 2081 565 2145 neque
595 2059 754 2125 Jacobum
788 2057 949 2124 dicentem
980 2057 1060 2121 hanc
1090 2055 1268 2122 orationem
1299 2059 1502 2151 commotior}
1534 2059 1639 2124 animo
1673 2067 1783 2146 aptam
1819 2083 1893 2127 esso
1927 2069 2015 2128 recto

208 2165 367 2231 iudicasse
391 2166 610 2253 Guttcntagio
635 2166 811 2232 consentio.
851 2163 914 2230 Sed
939 2165 1011 2230 eliis
1043 2184 1174 2250 quoque
1208 2163 1286 2230 locis
1314 2165 1495 2229 invenimus
1528 2165 1663 2230 eandem
1694 2168 1947 2253 neglegentiam,
1978 2187 2015 2234 ut

209 2295 269 2337 nos
294 2273 408 2338 adduci
431 2295 498 2339 non
528 2295 660 2339 necesse
693 2273 744 2351 sit,
775 2279 810 2336 ut
840 2293 911 2338 eam
944 2271 1129 2338 aaniuno
1159 2271 1297 2337 alienam
1326 2270 1528 2336 arbitremur.
1574 2267 1729 2336 Conieras
1759 2271 1885 2338 initium
1916 2274 2036 2358 libelli¹

209 2381 264 2464 qui
290 2380 474 2446 inscribitur
497 2381 671 2467 Apologia:
716 2375 818 2441 Ιίόιλαι
847 2388 950 2441 σκοπῶ
980 2381 1054 2462 πρός
1085 2375 1256 2462 ἐμαυτόν,
1288 2373 1370 2440 ἀτιναί
1401 2399 1448 2440 σοι
1476 2373 1556 2448 εἰκός
1584 2373 1719 2440 ἐπελθεῖν
1749 2375 1836 2442 εἰπεῖν
1867 2378 2015 2462 ἀναγνόντι

208 2484 310 2572 ἡμῶν
340 2491 371 2548 τὸ
401 2491 545 2570 captoria
569 2483 616 2549 ἐπὶ
640 2487 738 2570 μισθῷ
772 2491 913 2550 συνόντων
944 2485 1065 2568 βιβλίον·
1098 2482 1141 2548 ὅτι
1171 2489 1224 2572 μέν
1253 2485 1309 2566 γάρ
1344 2482 1482 2565 ἀγελαστὶ
1512 2484 1634 2567 διεξῄεις
1668 2479 1738 2547 αὐτὸ
1767 2489 1819 2549 καί
1853 2491 1927 2550 πάνυ
1958 2509 2017 2573 μοι

209 2593 366 2680 πρόδηλον.
412 2593 464 2658 Da
488 2593 600 2658 Peras.
625 2595 663 2658 51
691 2588 785 2664 ubist<
809 2589 844 2654 ἀν
868 2587 1012 2678 ἀποσταίη
1038 2594 1143 2678 θηρίον
1173 2590 1265 2678 ὁμόσε
1294 2589 1363 2666 ίόν,
1392 2588 1408 2656 ὁ
1439 2592 1471 2654 δέ
1501 2596 1662 2675 παράσιτος
1691 2588 1778 2656 αὐτὰ
1805 2616 1839 2656 τε
1871 2591 2015 2658 ἐπιόντα

211 2704 296 2786 μένει.
347 2701 430 2766 Adv.
452 2699 572 2766 induat.
596 2703 648 2766 23.
672 2699 817 2784 προδώσει
840 2703 896 2781 γάρ
920 2721 959 2762 σε
982 2701 1034 2761 καί
1058 2697 1244 2785 ἀποκαλόψει
1267 2703 1303 2761 τά
1326 2698 1405 2778 ἀλλα
1429 2695 1532 2784 ὑμῶν
1554 2703 1752 2784 γνωρίσματα.

368 2807 449 2894 Pag.
476 2809 515 2872 10
546 2805 584 2873 G.
612 2828 675 2888 res,
706 2827 777 2891 quse
801 2829 826 2871 c.
851 2811 870 2870 6
900 2814 1078 2883 narrantur,
1108 2808 1155 2870 ita
1182 2817 1219 2870 ut
1247 2807 1386 2893 scriptor
1407 2807 1552 2893 proteret
1574 2807 1664 2894 pingi
1694 2827 1759 2873 non
1785 2830 1882 2896 posse
1910 2817 2010 2896 atque

208 2917 297 3003 picta
321 2916 421 2981 fuisse
436 2915 547 3002 inepte
561 2913 683 2980 narrari
700 2912 877 2980 contendit.
918 2911 980 2977 Sed
1003 2913 1174 2978 difficultas
1198 2935 1262 2979 non
1283 2920 1376 2979 tanta
1399 2921 1457 3006 est,
1481 2929 1603 3000 quanta
1622 2913 1763 2998 videtur3
1787 2915 2013 3002 suspicandum
2091 2907 2094 2916 ’

210 3029 346 3088 estnon
369 3042 466 3086 unam
490 3021 591 3086 fuisse
614 3020 760 3086 tabulam
777 3020 833 3085 sed
849 3019 977 3098 multas,
1002 3019 1119 3104 quibus
1135 3040 1186 3085 ree
1203 3021 1296 3085 varim
1312 3019 1454 3107 perbene
1466 3020 1555 3106 pingi
1571 3029 1756 3109 potuerunt.
1793 3019 1857 3087 Sed
1873 3043 1937 3088 non
1954 3022 2015 3089 hoc

208 3131 280 3194 loeo
304 3129 377 3194 eolo
399 3129 526 3214 pictura
549 3129 596 3192 ita
619 3128 821 3212 describitur,
847 3126 904 3190 sed
928 3126 1029 3190 etium
1052 3123 1116 3191 Pro
1148 3147 1240 3194 merc.
1271 3127 1363 3194 cond.
1393 3131 1443 3206 42,
1476 3149 1539 3211 quo
1571 3129 1643 3194 loco
1676 3131 1771 3196 etiam
1802 3131 2011 3196 statuendum

210 3243 261 3300 eet
277 3255 417 3319 resque
432 3242 604 3299 narrantur
619 3255 683 3298 una
698 3241 823 3298 tantum
835 3232 948 3298 tabula
960 3233 1049 3320 pingi
1062 3254 1127 3298 non
1139 3235 1298 3321 potuisse,
1314 3234 1371 3300 sed
1384 3234 1610 3319 compluribus.
1633 3232 1772 3301 Omnino
1787 3244 1908 3312 autem,
1923 3247 2014 3303 ante·

208 3362 305 3428 quam
325 3341 448 3406 talibus
468 3340 508 3406 de
523 3342 602 3407 locis
621 3340 775 3412 dicamus,
793 3342 825 3406 in
844 3361 940 3405 usum
958 3336 1130 3426 ἐκρρόισεων
1148 3361 1219 3424 quae
1238 3348 1394 3406 uocantur
1409 3341 1592 3407 accuratius
1608 3342 1770 3424 inquirere
1789 3363 1849 3408 nos
1862 3365 1942 3427 opus
1956 3352 2013 3409 est.

368 3447 406 3514 In
430 3469 457 3513 e.
481 3451 500 3514 8
526 3448 693 3513 enuntiato
718 3442 752 3510 eb
777 3451 865 3532 μόνον
889 3443 949 3529 ἀρα
971 3445 1095 3518 τοξεόειν
1119 3443 1231 3528 ἀγαθοί
1252 3443 1329 3532 ἦσαν
1349 3443 1465 3510 Σκίνθαι
1590 3446 1742 3510 ἀλλὰκαὶ
1771 3445 1853 3535 ρησιν
1882 3445 2015 3515 ἁπάντων

207 3559 408 3621 πιθανώτατοι
429 3553 623 3621 vocabulum
646 3553 723 3641 ἦσαν
745 3555 829 3618 male
857 3552 1035 3620 exhibitum
1063 3573 1144 3618 esse.
1190 3553 1270 3628 Qua
1298 3553 1375 3621 dicit
1399 3555 1530 3620 urceus
1556 3553 1694 3637 Scythae,
1725 3557 1779 3641 qui
1806 3559 1906 3644 paulo
1938 3565 2014 3624 ante

209 3664 376 3749 permultis
399 3661 508 3729 verbis
531 3683 583 3726 res
614 3661 654 3726 ab
679 3660 797 3728 Oreste
826 3669 860 3727 et
882 3659 1009 3744 Pylade
1040 3667 1150 3745 gestas
1180 3659 1322 3724 narrauit
1351 3667 1384 3726 et
1415 3662 1513 3726 nimia
1541 3661 1637 3726 laude
1669 3662 1798 3728 extulit.
1841 3663 1916 3728 Non
1944 3667 2014 3730 sine

211 3789 308 3834 causa
330 3769 368 3835 G.
392 3770 542 3836 adnotat:
574 3770 683 3856 potuit
707 3769 834 3855 quidem
859 3769 954 3834 scribi
982 3763 1064 3854 ῥῆσιν
1092 3765 1153 3850 ἀρα
1176 3762 1263 3828 εἰπεῖν
1292 3767 1497 3839 πιθανώτατος
1527 3766 1622 3854 ᾖσθα,
1653 3778 1690 3834 ut
1718 3771 1882 3836 sententia
1912 3780 2015 3837 esset:
2084 3778 2087 3787 '

215 3882 303 3956 ,tum
326 3896 398 3940 oum
420 3875 547 3942 dicebas
570 3883 605 3942 te
628 3877 795 3940 sollertem
817 3874 1017 3963 praebebam,
1047 3874 1108 3938 hoc
1130 3893 1208 3938 uero
1236 3871 1385 3957 ,Scythae
1415 3873 1457 3939 ad
1486 3874 1747 3962 persuadendum
1777 3876 1883 3941 callidi
1914 3885 2014 3956 arent,

209 4002 282 4046 cum
306 3979 506 4064 loquebaris“
533 4003 632 4070 praue
654 3982 774 4048 dictum
800 3990 859 4048 est.
905 3979 969 4047 Sed
993 3980 1080 4046 haud
1110 3981 1174 4047 scio
1205 4003 1245 4045 au
1277 3983 1377 4068 accipi
1406 3983 1511 4070 possit
1540 3983 1737 4049 vobabulum
1768 3981 1839 4046 εἰσίν
1868 3993 1925 4050 aut
1949 3987 2015 4050 tale

209 4087 284 4175 quid
308 4093 386 4176 post
408 4090 605 4154 πιθανώτατοι
629 4089 819 4172 ἀοείἀοτοτί;
842 4089 1012 4176 permultis
1036 4089 1120 4152 anim
1134 4089 1215 4154 locis
1230 4088 1410 4154 Lucienum
1433 4090 1531 4155 verba
1545 4090 1690 4155 omisisse
1706 4091 1761 4168 ita,
1785 4099 1821 4156 ut
1846 4092 2015 4156 enuntiata

208 4194 296 4260 haud
320 4216 393 4260 raro
415 4215 479 4261 non
502 4195 648 4284 perfecta
671 4195 850 4275 videantur,
874 4197 939 4261 iam
962 4193 1014 4260 Du
1040 4193 1208 4260 Mesnilius
1233 4194 1278 4283 (p.
1302 4196 1346 4259 54
1369 4199 1433 4280 sq.)
1456 4203 1490 4260 et
1513 4194 1693 4261 Schmidius
1717 4195 1801 4274 (Der
1824 4197 2014 4262 Atticisnrus

209 4303 241 4365 in
273 4301 386 4368 seinen
418 4301 715 4390 Hauptvertretern
744 4323 809 4367 von
832 4299 1011 4385 Dionysius
1042 4321 1105 4366 von
1137 4301 1346 4367 Halicarnass
1378 4300 1427 4366 bis
1460 4301 1518 4365 aui
1543 4301 1605 4366 den
1636 4303 1772 4368 aweiten
1795 4303 2014 4368 Philostratus

205 4515 281 4599 μετά
312 4524 367 4578 τῶν
400 4513 500 4580 ἀλλων
531 4537 574 4582 se.
602 4513 663 4578 ἴτον.
710 4513 793 4580 Dial.
824 4513 902 4580 Mar.
931 4517 961 4596 3,
993 4515 1013 4577 3
1041 4514 1267 4600 ιριλοτιμότερον,
1298 4511 1484 4598 ὧθίιγατερ,
1512 4539 1555 4582 sc.
1584 4513 1728 4602 ἐποίησας
1759 4515 1830 4604 Iup.
1859 4523 1941 4603 trag.
1972 4521 2014 4582 4b

86 4682 92 4698 ,
202 4617 238 4686 εί)
261 4643 293 4703 γε
316 4617 475 4707 Τιμόκλεις
497 4631 589 4686 ταυτα
611 4624 665 4684 καί
687 4617 819 4706 ἰσχυρῶς
841 4631 881 4704 τῷ
905 4619 1119 4705 παραδείγματι
1142 4643 1185 4686 se.
1209 4619 1341 4706 εἴρηκας.
1378 4621 1414 4686 Si
1437 4623 1538 4707 igitur
1559 4621 1636 4708 ᾖσαν
1660 4623 1699 4688 ad
1723 4624 1861 4710 priorem
1887 4630 2015 4688 tantum

201 4729 369 4796 enuntiati
392 4735 517 4815 partem
540 4729 719 4808 referimus,
743 4729 827 4794 hunc
850 4749 980 4794 sensum
1003 4727 1175 4794 habemus:
1199 4727 1329 4814 Scytha
1345 4729 1528 4814 antiquitus
1545 4731 1691 4816 eogitarii
1716 4737 1808 4796 erant
1830 4731 1880 4808 (et
1903 4731 2015 4796 etiam·

199 4857 291 4904 nunc
315 4839 417 4916 sunt),
446 4834 510 4900 iam
535 4843 644 4901 autem
670 4835 811 4901 disertos
835 4855 965 4922 quoque
990 4855 1025 4899 se
1047 4841 1210 4921 praestant.
1258 4835 1450 4923 imperfecto
1475 4836 1603 4922 quidem
1626 4837 1659 4902 id
1683 4835 1856 4922 significari
1878 4844 2017 4916 constat,

202 4941 298 5030 quod
322 4949 470 5029 tempore
493 4943 659 5031 preterito
684 4946 826 5010 existere
852 4945 946 5029 coepit
972 4949 1005 5008 et
1028 4962 1133 5028 usque
1157 4943 1197 5007 ad
1220 4951 1367 5010 nostrum
1393 4949 1523 5031 tempus
1546 4945 1697 5031 pertinet.
